3214 5022
330 453 370 510 te

287 625 350 690 An.
379 623 424 688 VI
453 626 485 701 8,
506 624 524 688 7
547 623 689 688 Videram
710 622 887 704 cattepani
907 623 1008 707 putris
1030 623 1208 705 rspervdis
1228 628 1382 711 praetoriis
1407 667 1409 672 -

259 781 260 785 ,
287 727 504 790 cohortibus
525 745 591 807 uqa.
645 723 708 794 An.
736 720 816 786 XIII
845 723 901 799 38,
934 723 976 786 13
1004 722 1383 812 100000000001010911,00100

284 851 360 914 pars
383 827 477 890 ultera
498 826 616 888 eolles
638 835 723 888 erant
744 825 899 888 dementer
921 827 1115 906 ‹adsurpeates
1145 829 1383 914 accipiendis

285 930 425 1014 peditum
451 927 678 1000 ordinibus,
705 949 782 1010 pars
803 928 836 988 in
854 925 1013 1010 planitiem
1034 927 1246 1008 porripebatur
1267 931 1309 992 ud
1331 951 1382 992 en·—

285 1027 449 1115 piioandas
472 1031 606 1112 equitnm
639 1039 764 1089 tetravus.
808 1030 871 1088 An.
900 1023 980 1088 XIII
1009 1026 1066 1101 53,
1097 1027 1116 1088 6
1145 1030 1194 1092 itte
1215 1031 1385 1092 arcebunt-nm

291 1153 400 1196 ....a
431 1129 538 1192 Druso
569 1149 745 1214 apperem
774 1129 981 1190 aversando
1012 1126 1140 1188 Itbeno
1171 1131 1296 1193 absartait
1318 1151 1382 1213 uqa.

289 1231 352 1294 An.
380 1227 457 1293 XIV
485 1231 516 1305 3,
548 1229 590 1293 19
621 1229 806 1291 Additurnm
831 1229 1004 1311 prinoipem
1026 1227 1173 1310 defunctos
1194 1231 1337 1316 tenplum
1360 1241 1385 1292 et

290 1343 414 1396 astera
435 1331 668 1394 ostentandae
692 1331 845 1413 pietati.
890 1331 952 1390 An.
980 1326 1038 1391 XV
1069 1330 1101 1404 6,
1133 1330 1174 1394 11
1207 1333 1288 1394 Num

286 1419 451 1516 proprium
480 1433 608 1494 ducem
636 1431 777 1493 tvreadoe
800 1429 983 1492 Armenia
1002 1443 1179 1514 poposcerat
1200 1453 1266 1516 uqa.
1322 1431 1383 1496 An.
1473 1431 1475 1436 ’

291 1531 351 1598 XV
380 1532 436 1610 14,
466 1533 485 1596 8
519 1533 594 1594 'l'nm
616 1533 719 1594 Paetus
742 1529 1071 1614 Lucultos,Pompeios
1094 1543 1119 1593 et
1141 1534 1169 1594 si
1190 1556 1262 1618 qua
1283 1532 1386 1598 Caesu-

291 1657 338 1698 rss
360 1635 571 1718 optinendas
593 1634 821 1696 donandaeve
842 1625 1072 1718 Armenioe¹)
1101 1646 1222 1717 spernat
1257 1657 1386 1698 ...reie-

293 1746 422 1798 morat.·
446 1733 508 1798 An.
538 1732 597 1798 XV
625 1733 682 1809 42,
715 1733 758 1794 10
788 1732 893 1816 Neque
923 1735 1002 1794 enim
1037 1733 1142 1796 atiud
1174 1737 1387 1820 0000100091-

290 1836 454 1921 paendis
477 1836 586 1919 aqreis
600 1836 738 1898 occurrit
760 1857 852 1918 quum
874 1831 1047 1916 Pomptinae
1068 1835 1204 1919 paludes.
1248 1836 1311 1900 An.
1328 1834 1388 1900 XV

294 1936 351 2014 43,
383 1935 426 1998 15
454 1948 481 1998 et
507 1936 676 2000 subsidia
708 1935 968 2018 reprimendis
1000 1935 1151 2020 ipnibus
1174 1941 1205 2000 in
1224 1937 1389 2022 propatulo

293 2040 417 2122 quisque
437 2037 566 2109 liaberet,
608 2035 660 2100 An
688 2034 765 2100 XVI
795 2034 850 2112 17,
884 2034 925 2098 10
953 2036 1044 2099 simut
1071 2039 1268 2122 adquirenda
1293 2061 1389 2124 pesu-

294 2139 351 2200 nioe
373 2138 491 2201 breuius
513 2141 569 2202 iter
583 2139 719 2201 credebat
727 2159 785 2222 per
796 2139 1088 2220 procurationes
1110 2139 1390 2203 administran-

294 2240 354 2302 dis
371 2240 524 2324 principis
546 2241 717 2322 nepotiis
760 2237 823 2300 Aa.
840 2235 917 2300 XVI
932 2236 989 2314 31,
1020 2241 1039 2301 3
1062 2240 1267 2306 ...moniis
1283 2264 1389 2304 versura

294 2341 510 2425 dedissetque
531 2343 733 2426 pecuniam
749 2340 950 2427 faciendis
973 2341 1108 2422 inopinis
1119 2344 1247 2406 auaris
1268 2354 1390 2404 000100-

293 2441 373 2506 beret
394 2463 460 2524 aqs.

370 2593 510 2658 Interest
536 2593 672 2659 fortasse
701 2591 819 2659 afferre
846 2614 885 2657 ex
912 2593 961 2658 his
988 2593 1075 2672 locis,
1091 2615 1225 2677 quorum
1240 2617 1392 2659 numerus

295 2701 343 2758 est
370 2696 510 2780 quinque
538 2701 569 2761 at
596 2697 724 2782 viginti,
752 2699 823 2759 octo
849 2717 916 2760 esse
943 2695 1170 2774 Historiarum,
1194 2701 1264 2762 osto
1277 2697 1391 2781 prioris

295 2797 396 2880 partis
424 2797 611 2876 Annalium,
640 2820 753 2862 novem
780 2798 971 2882 posterioria.

372 2948 463 3014 Addo
492 2951 661 3016 nonnullos
688 2951 781 3027 loeus,
809 2951 847 3015 de
874 2949 988 3034 quibus
1003 2951 1155 3015 incertius
1168 2957 1217 3016 est
1230 2951 1393 3016 iudicium.

296 3050 338 3115 H.
368 3048 400 3112 II
429 3054 461 3128 2,
493 3053 512 3114 1
539 3037 595 3118 sed
611 3055 754 3137 perendie
776 3054 864 3116 rebus
887 3051 1002 3116 auitum
1024 3075 1061 3116 ee
1083 3075 1115 3116 eo
1136 3054 1394 3140 impeditionum,

297 3153 351 3217 ubi
377 3150 504 3216 dativus
540 3153 679 3218 nominis
711 3152 942 3237 gerundivique
968 3173 1039 3216 eum
1066 3173 1111 3231 00,
1140 3155 1222 3238 quod
1249 3158 1299 3218 est
1325 3150 1394 3216 'im-

297 3253 513 3338 pedimentum
548 3249 627 3320 arat'
661 3253 902 3339 coniungendas
931 3253 1065 3318 videtur.
1118 3254 1315 3320 Conterimus
1344 3276 1395 3317 eos

298 3356 392 3434 locos,
420 3357 474 3419 ubi
501 3360 550 3421 ast
575 3349 708 3420 verbum
734 3358 841 3420 deesse.
892 3353 934 3418 H.
962 3354 995 3418 ΙΙ
1025 3355 1395 3432 100,13habet00dex

299 3480 368 3520 raon
390 3457 504 3521 Potavi
525 3469 668 3523 secretum
691 3458 899 3544 ‹rompoaendae
911 3459 1093 3544 proditionis
1105 3460 1272 3544 quaesitum.
1299 3450 1396 3520 Halm

299 3556 410 3622 scribit
433 3561 611 3644 proditioni.
665 3557 737 3636 Sed,
765 3579 961 3642 quamquam
988 3557 1115 3622 dativus
1129 3558 1181 3624 hic
1194 3579 1394 3644 naquaquam

299 3659 341 3724 ab
367 3679 427 3722 usu
452 3657 582 3724 Tasitso
609 3659 831 3740 abhorrent
798 3660 896 3724 etiam
923 3659 1085 3744 genitivus
1099 3682 1191 3725 casus
1205 3659 1396 3726 hauddubie

298 3759 375 3824 terri
402 3763 517 3843 poss
492 3760 584 3825 10.
614 3759 746 3826 Heraeus
774 3760 871 3826 adh.
899 3761 923 3826 1.
969 3760 1101 3824 101000
1127 3761 1169 3824 Η.
1199 3761 1392 3840 1111141u

299 3861 373 3940 Quae
402 3860 499 3943 (milit
501 3862 564 3926 aris
591 3863 761 3946 violantia)
790 3863 1210 3948 seditiosueteorrampendoe
1228 3862 1398 3947 discipliane

299 3985 370 4024 moe·
391 3964 423 4025 in
441 3964 582 4048 pradum
604 3965 735 4029 verubut
761 3968 870 4028 utrum
895 3964 1056 4048 genitivus
1084 3984 1175 4026 sasas
1202 3985 1243 4026 00
1270 3963 1397 4028 dativus

299 4062 403 4126 inesse
429 4062 591 4146 putandus
617 4065 671 4143 sit,
700 4086 763 4129 non
791 4064 886 4129 facila
912 4064 1113 4130 diiudicatur.

357 4295 379 4358 ¹)
400 4298 528 4350 Fortasse
545 4300 588 4350 hu
606 4314 688 4350 vocas
708 4301 737 4350 iu
755 4300 872 4364 genitivi
890 4315 955 4350 0000
972 4299 1065 4362 poan
1082 4299 1211 4363 putanda
1229 4302 1300 4348 sunt.
