3214 5022
606 1305 728 1362 INDEX
750 1304 895 1363 RERUM.

231 1511 251 1580 Ι.
296 1511 340 1582 Be
364 1510 473 1581 dativo
496 1507 653 1580 effecius.
698 1512 776 1571 Esse
799 1512 893 1571 aiieui
917 1533 1009 1573 ourae.
1050 1513 1135 1572 Dore
1158 1514 1214 1572 nti·
1235 1445 1299 1572 ξας.

296 1638 345 1677 eon
358 1637 479 1677 orrmrnr
499 1659 1217 1676 ..................
1281 1623 1298 1674 3

294 1718 322 1781 1.
350 1723 391 1781 De
413 1718 508 1780 dativo
529 1716 651 1777 effeetus
673 1715 823 1775 coniuncto
845 1733 909 1776 oum
933 1718 1016 1776 verbo
1035 1718 1217 1778 substantivo
1260 1717 1295 1779 ll

293 1821 320 1883 2.
348 1824 388 1883 De
410 1820 506 1881 detiro
527 1819 657 1892 effectos,
685 1818 734 1891 qui
751 1818 796 1878 vel
817 1836 881 1878 oum
904 1819 1094 1878 intransitivi's
1117 1819 1213 1879 verbis

350 1924 517 1983 eoninnotus
544 1924 589 1980 est
616 1919 661 1980 rel
683 1920 713 1978 in
736 1920 932 1994 appositionis*
947 1921 1007 1978 loeo
1029 1919 1176 1993 positus„
1211 1965 1217 1980 .
1260 1919 1298 1981 19

293 2023 321 2086 3.
351 2027 389 2084 De
412 2025 507 2084 dativo
530 2022 650 2081 effeetus
676 2021 828 2080 coniuncto
850 2038 912 2080 oum
937 2020 1096 2080 transitivis
1121 2021 1215 2080 verbis

352 2129 425 2186 dore
446 2125 554 2184 hebere
577 2139 696 2182 sumere
708 2123 760 2182 sim
763 2166 1216 2183 ............
1260 2123 1296 2185 21

291 2229 320 2291 4.
349 2231 388 2290 Do
411 2227 516 2288 dativis
537 2223 654 2284 aemilio
671 2225 820 2297 proeoido'o
843 2224 979 2282 sonorem
998 2267 1215 2285 ......
1255 2223 1296 2286 24

216 2345 248 2414 ΙΙ.
293 2345 337 2416 no
366 2341 474 2413 dativo
497 2339 585 2410 onan
611 2337 770 2408 nominum
791 2387 1216 2404 ...........
1256 2344 1295 2407 26

294 2450 319 2511 1.
348 2451 388 2509 De
416 2466 447 2508 eo
476 2447 558 2506 huius
581 2445 672 2506 dativi
695 2463 763 2517 usu,
791 2445 839 2517 qui
862 2444 961 2503 Tacito
984 2461 1056 2504 eum
1070 2445 1212 2519 prioribus

352 2551 537 2628 scriptoribus
549 2552 594 2609 est
606 2545 761 2606 eommunis
763 2589 1216 2620 ............
1255 2547 1295 2611 26

292 2653 319 2715 2.
347 2657 386 2715 De
409 2671 460 2713 usu
484 2653 567 2712 huius
588 2650 678 2710 dativi
705 2649 779 2722 opud
803 2647 931 2706 Tacitum
965 2647 1094 2709 latiore.
1129 2695 1136 2710 .
1171 2696 1178 2710 .
1212 2696 1219 2710 .
1259 2649 1298 2712 28

203 2771 247 2842 ΙΙΙ.
293 2771 336 2841 ito
364 2769 471 2840 dativo
499 2765 588 2838 tinoti
617 2761 759 2852 ueronoii
789 2761 1018 2850 peruntiriooo
1044 2813 1217 2829 .....
1257 2763 1295 2830 31

293 2877 319 2940 1.
349 2881 388 2938 De
404 2879 457 2937 hoo
476 2875 572 2934 dativo
589 2890 624 2931 ex
642 2873 735 2931 verbis
747 2871 887 2946 pendente
901 2869 951 2958 ¹vel
966 2887 1028 2930 oum
1045 2873 1105 2930 tote
1121 2889 1210 2930 enun-

349 2981 470 3041 tiatione
491 2975 689 3048 coniungendo
708 3017 1217 3034 ,,,,,,,,,,,,,
1257 2969 1295 3035 31

293 3079 320 3144 2.
348 3083 388 3142 De
411 3083 463 3140 hoo
484 3079 581 3138 dativo
597 3095 632 3136 ex
651 3075 798 3134 adieetivis
815 3077 956 3150 pendente
975 3074 1017 3133 vel
1037 3092 1099 3134 oum
1117 3076 1211 3136 eriieo·

349 3184 417 3244 tirio
434 3183 556 3258 proxime
574 3181 772 3256 onoriungendo
790 3223 1215 3239 ...........
1254 3175 1294 3239 39

291 3282 319 3347 3.
348 3289 388 3346 Ite
410 3287 462 3346 hoo
480 3286 573 3346 dativo
591 3302 654 3344 oum
671 3283 832 3342 nominibus
848 3281 974 3356 proxime
992 3281 1190 3356 coniungendo
1208 3326 1216 3342 .
1255 3279 1297 3344 40

658 3527 847 3535 -μ-Μω*
