3214 5022
1170 521 1206 576 13

242 687 409 753 Crimini
431 689 557 754 ai'icui
585 714 673 762 esse,
708 690 791 773 quod
817 693 850 752 et
877 689 960 772 apud
986 689 1166 754 Ciceronem
1193 689 1246 754 Li-

167 789 251 852 vium
273 789 314 852 nl.
336 790 454 874 iegitur
467 795 500 854 ei
513 791 640 874 quidem
654 791 736 874 apud
751 789 899 854 Tacitum
913 793 976 854 Au.
993 787 1095 868 1150,
1117 790 1157 852 ll
1178 793 1251 854 dein

162 893 311 975 proximo
335 903 459 954 senatus
492 894 543 955 die
575 891 663 955 iliius
695 915 815 978 quoque
837 893 960 956 nomine
990 894 1101 968 orauit,
1124 914 1161 955 ne
1184 894 1252 956 cui

166 991 260 1054 uerba
284 993 318 1053 in
346 1015 412 1055 eam
442 1015 564 1078 quoquc
595 995 687 1056 modo
715 994 822 1057 cabira
851 994 1011 1056 crimini
1026 993 1177 1080 forent.

242 1091 334 1173 Apud
362 1093 439 1156 ulios
466 1095 634 1176 scriptores
661 1093 726 1158 brec
752 1095 837 1157 dictu
864 1115 927 1156 uon
954 1094 1144 1158 invenimus.

240 1193 496 1258 Absoluticni
518 1194 642 1258 alicui
664 1218 753 1258 esse.
797 1193 906 1257 Unum
925 1197 973 1256 esi
993 1193 1085 1257 huius
1108 1195 1252 1258 vocabuli

169 1293 356 1376 exemplum,
390 1295 444 1358 ubi
472 1295 525 1358 ulii
554 1295 703 1358 vocabulo
730 1295 948 1378 subiungitur:
977 1297 1041 1358 An,
1070 1294 1118 1358 HI
1149 1295 1205 1372 13,
1232 1297 1251 1358 5

166 1395 248 1477 quod
270 1416 365 1479 neque
388 1397 561 1460 conuictum
582 1418 670 1460 nosne
686 1419 758 1472 reo,
780 1399 809 1459 si
826 1397 1137 1480 recentiapurparet
1159 1419 1255 1481 neque

165 1494 327 1581 defensum
350 1495 593 1561 absolutioni
610 1509 702 1572 erat,
717 1502 744 1559 si
758 1508 911 1560 teneretur
924 1497 1097 1560 maioribus
1104 1497 1253 1584 flapitiis.

241 1596 528 1662 Obtrectationi
556 1620 634 1660 esse
669 1597 793 1660 alicui
831 1595 942 1661 Tacito
961 1597 963 1602 ’
981 1597 1143 1680 proprium
1171 1598 1254 1660 vide·

165 1697 218 1757 iur
244 1716 321 1759 esse.
374 1699 454 1780 Agr.
487 1698 517 1774 1,
550 1699 588 1761 ll
620 1720 674 1761 nec
702 1700 737 1762 id
759 1698 917 1762 Rutilio
944 1709 979 1762 et
1000 1699 1146 1763 Scauro
1170 1701 1251 1762 citra

158 1796 257 1884 fidem
280 1810 334 1860 aut
356 1801 639 1863 obtrectationi
654 1799 752 1886 fuit.

241 1913 444 1979 Anuotsmus
476 1917 581 1993 verbu,
616 1917 725 1999 qualia
765 1921 841 1978 suut
880 1912 956 1978 'csse
995 1916 1090 1980 alicui
1132 1917 1253 1991 honori,

165 2013 278 2090 decori,
314 2016 465 2091 dedecori,
501 2016 652 2092 infamior,
681 2018 798 2100 glories,
831 2016 928 2092 laudi,
956 2017 1064 2100 cuipoe,
1094 2019 1257 2100 vitupera·

166 2113 265 2190 imni,
295 2118 378 2192 sinu,
407 2117 490 2201 apud
517 2117 595 2182 alios
622 2120 791 2201 scriptores
818 2118 931 2198 saepius
951 2119 1093 2182 rariusve
1107 2120 1253 2196 inveniri,

166 2217 248 2299 apud
276 2216 422 2280 Tacitum
450 2240 619 2301 nusquam.

167 2437 203 2506 C·
255 2437 347 2502 Esse
380 2439 497 2502 alicui
532 2438 648 2514 boue,
681 2439 783 2512 usui,
819 2438 1021 2518 pracsidio,
1055 2438 1256 2503 obtentui,

226 2539 519 2621 impedimeut0‚
551 2541 671 2615 oneri,
706 2561 824 2614 noxae,
859 2539 994 2615 critic,
1029 2539 1196 2604 excidio.

240 2689 352 2754 Tacito
375 2713 444 2754 cum
473 2691 629 2773 prioribus
657 2691 862 2774 scriptoribus
890 2693 1069 2754 ccunnunia
1096 2697 1172 2754 sunt
1192 2690 1257 2753 haec

158 2791 257 2867 dictu.

238 2893 349 2956 Bono
373 2893 499 2956 alicui
521 2914 616 2967 esse,
642 2913 680 2954 ex
694 2913 753 2955 usu
773 2890 929 2954 Ciceronis
944 2891 1142 2973 aliorumque
1156 2893 1257 2972 scrip·

164 2996 270 3055 torum
298 2993 432 3073 perbene
459 2995 633 3078 cognitum,
650 3001 699 3056 est
728 2991 765 3056 D.
796 2993 829 3067 9,
859 2994 878 3055 6
908 2993 999 3058 Licet
1021 2993 1083 3056 isac
1101 2995 1257 3078 ipsa...

167 3116 258 3156 cures
287 3105 355 3169 eurr,
389 3095 542 3171 Materne,
572 3105 732 3180 respuant,
764 3096 826 3157 cui
861 3095 1040 3170 honoret,
1068 3096 1097 3157 si
1119 3095 1209 3180 apud
1231 3105 1258 3157 te

166 3197 380 3277 Apamemncn
404 3207 458 3258 aut
479 3197 578 3260 Iason
601 3197 715 3258 diserte
737 3196 886 3280 loquitur.

246 3311 341 3374 Usui
363 3313 489 3401 alicui
511 3336 592 3377 esse
614 3311 734 3376 dicium
760 3317 809 3376 est
835 3312 909 3376 iude
936 3336 954 3377 a
981 3311 1089 3376 Plauti
1107 3311 1258 3394 tempori-

167 3413 224 3476 bus
251 3413 486 3496 pervulgatum.
521 3414 550 3477 Α
576 3413 690 3477 Pluuio
704 3413 800 3477 semel
815 3413 943 3476 additur
957 3412 1157 3488 eductivum,
1177 3411 1259 3495 quod

166 3517 215 3576 est
241 3510 350 3588 ’bou0',
367 3537 386 3576 a
398 3513 545 3577 Cicerone
564 3515 734 3597 saepissime
756 3514 977 3597 adiunguntur
990 3513 1156 3589 adiectus,
1180 3535 1260 3596 qua·

166 3613 210 3678 lia
237 3617 314 3676 sunt
340 3611 477 3698 'magna
506 3615 655 3691 unanima
684 3611 779 3677 uullo'
806 3615 877 3678 sim.
931 3614 1005 3678 Loci
1036 3611 1157 3677 Tacitei
1184 3616 1260 3677 suni

166 3713 213 3777 hi:
242 3713 281 3776 H.
311 3713 326 3777 Ι
356 3716 412 3788 79,
444 3715 488 3777 14
521 3716 584 3780 Sed
607 3727 671 3778 tum
693 3718 802 3779 umido
825 3717 877 3779 die
899 3728 926 3778 et
948 3715 1047 3779 soluto
1068 3715 1139 3800 yelu
1163 3737 1259 3799 neque

169 3818 253 3880 conti
280 3838 376 3900 neque
400 3815 515 3900 placit,
544 3839 620 3901 quos
644 3816 823 3902 prelcnqcs
851 3829 981 3901 utraque
1014 3839 1110 3879 mnnu
1138 3826 1259 3899 repunt,

167 3918 270 3990 usui,
293 3915 490 4000 lapsantibus
518 3919 606 4002 equis
628 3929 656 3980 et
678 3918 927 4005 catafractarum
944 3920 1093 4002 pondere.
1143 3914 1183 3978 H.
1212 3913 1261 3978 III

170 4017 204 4092 5,
236 4017 251 4078 l
293 4016 432 4080 Ceterum
460 4029 494 4081 ut
517 4020 725 4082 transmittere
747 4021 781 4080 in
803 4018 934 4081 Italiam
957 4018 1068 4080 beilum
1092 4019 1209 4102 inpune
1231 4027 1259 4080 et

167 4120 259 4180 usui
285 4117 406 4205 foret,
439 4121 591 4206 scriptum
618 4139 682 4200 cqc.
742 4117 781 4181 H.
811 4117 861 4180 III
890 4119 947 4198 20,
976 4119 1020 4181 23
1049 4117 1143 4180 simui
1178 4118 1262 4180 iiras

170 4218 352 4304 calonesque
374 4241 444 4282 cum
465 4221 686 4284 recentissimis
708 4221 845 4304 equitum
868 4221 1062 4284 Bedriacum
1077 4221 1184 4294 mittit,
1208 4241 1260 4282 cc-

167 4322 245 4404 pias
275 4331 433 4405 ceteraque
460 4325 549 4384 nsui
576 4319 748 4384 adlaturos.
797 4318 909 4384 Cetera
942 4321 1011 4382 usui
1040 4320 1060 4382 i.
1089 4341 1116 4384 e.
1144 4322 1260 4393 cetera,
