3214 5022
1183 463 1223 518 43

251 633 436 718 Antequam
461 634 501 699 ad
528 633 584 698 hos
598 633 680 698 locos
693 632 921 702 examinandos
936 635 1150 713 transeamus,
1166 655 1268 718 pauca

178 737 390 819 praeponimus
415 735 454 800 de
480 736 518 799 iis
546 734 765 808 locutionibus,
793 735 827 799 in
846 734 962 818 quibus
976 735 1018 799 ab
1030 735 1158 818 optimis
1170 735 1267 818 scrip

177 836 299 902 toribus
330 837 430 901 dativi
462 837 599 900 nominis
625 836 856 921 gerundivique
882 837 1062 900 nominibus
1090 836 1270 902 substanti-

180 939 225 1002 vis
260 938 511 1022 subiunguntur.
563 937 646 1002 Sunt
680 943 786 1002 autem
813 937 868 1002 illa
903 938 1032 1002 nomina
1063 938 1152 1002 modo
1179 959 1270 1002 vooa·

178 1039 253 1103 bula
278 1043 311 1103 et
336 1041 589 1124 magistratuum
615 1043 648 1102 et
673 1041 823 1122 temporis
844 1041 932 1115 (dics,
947 1043 1054 1127 feria)
1077 1041 1168 1103 modo
1183 1060 1270 1104 voces

178 1140 376 1205 comitiorum
402 1140 481 1224 legis
510 1141 551 1205 al.
580 1139 629 1204 Ad
657 1140 898 1224 interpretanda
917 1140 1014 1204 verba
1027 1141 1271 1224 decemuirilepi-

178 1241 232 1304 bue
254 1243 430 1328 scribendis¹
449 1263 511 1312 aon
540 1242 635 1306 simul
661 1241 852 1306 audiendum
878 1245 927 1305 est
953 1242 1157 1326 participium
1184 1241 1272 1306 verbi

177 1342 346 1427 deligendi,
373 1343 456 1427 quod
475 1348 524 1407 est
537 1344 650 1417 delecti,
664 1363 761 1425 quum
776 1342 907 1406 verbum
921 1343 1079 1426 deligendi
1093 1344 1124 1406 in
1141 1343 1199 1407 hoo
1211 1365 1270 1406 usu

178 1445 362 1526 posterioris
387 1444 533 1508 rideatur
559 1465 627 1508 esse
652 1443 826 1508 latinitatis
853 1465 954 1529 neque
986 1444 1078 1509 facile
1104 1445 1271 1528 intellega—
1358 1497 1360 1503 s

178 1553 242 1622 tur,
270 1565 336 1623 our,
365 1547 391 1608 si
418 1546 573 1628 principio
604 1543 748 1609 additum
774 1547 827 1622 sit,
856 1549 965 1629 postea
994 1546 1110 1628 ubique
1141 1547 1272 1610 omitta-

177 1651 241 1710 tur.
294 1645 495 1710 Audiendum
531 1667 614 1722 vero,
650 1647 684 1710 ni
719 1646 824 1724 fallor,
862 1647 993 1710 verbum
1019 1642 1271 1712 substantivum':

178 1749 347 1822 decemviri,
372 1748 427 1832 qui
453 1753 530 1812 sunt
557 1749 674 1830 (erant,
703 1747 834 1812 luerunt
859 1748 946 1837 sim.)
975 1749 1087 1835 lepidus
1101 1749 1273 1812 'scribendis

156 1847 226 1911 'vel
253 1849 358 1932 potius
385 1851 545 1913 decemuiri
570 1848 658 1924 ὄντες
683 1849 796 1936 legibue
817 1849 982 1913 scribendis
1004 1850 1025 1913 i.
1050 1871 1077 1914 e.
1094 1848 1271 1924 decemviri,

179 1949 234 2032 qui
269 1953 405 2033 possunt
440 1951 524 2034 leges
559 1951 705 2028 scribere,
740 1951 796 2034 qui
822 1947 853 2013 id
881 1955 995 2034 agunt,
1022 1953 1059 2014 ut
1085 1951 1171 2034 leges
1197 1949 1274 2013 sori-

180 2052 269 2114 bant.
323 2049 371 2114 Ao
405 2050 540 2116 fortasse
574 2073 612 2115 ex
648 2073 682 2115 eo
717 2039 795 2136 ipso,
831 2051 914 2134 quod
947 2051 1050 2117 latina
1077 2052 1189 2136 lingua
1216 2050 1273 2113 hoo

178 2151 347 2235 participio
382 2153 470 2217 verbi
504 2152 697 2217 substantivi
730 2159 828 2230 caret,
857 2151 916 2216 hoo
941 2153 1061 2218 dictum
1088 2152 1272 2217 mutilatum

178 2253 314 2317 exstitit.
369 2252 517 2318 llsimili
551 2255 675 2319 ratione
708 2253 778 2320 aliae
812 2253 952 2318 eiusdem
983 2255 1109 2340 generis
1142 2253 1273 2317 locutio·

179 2376 235 2418 nes
270 2353 463 2438 explicandae
498 2356 655 2420 videntur.
709 2355 808 2421 Simul
836 2355 965 2420 auditur
997 2355 1102 2442 figura
1129 2354 1273 2438 quaedam

179 2455 267 2520 verbi
294 2454 499 2536 substantivi,
528 2478 590 2541 quo
616 2457 816 2541 significatur
843 2457 984 2536 verbum,
1000 2457 1093 2543 quale
1107 2460 1157 2520 est
1171 2477 1272 2540 posse,

143 2571 147 2577 ’
180 2556 333 2633 sufficere,
362 2557 519 2635 idoneum,
549 2562 661 2642 aptum
688 2580 755 2622 esse
774 2558 822 2623 vel
837 2563 861 2622 t.
876 2581 907 2642 q.
919 2561 950 2646 ¹).
992 2558 1191 2624 conferimus
1204 2557 1272 2622 Liv.

180 2657 270 2722 XXX
299 2659 331 2734 6,
362 2660 381 2721 3
410 2683 445 2723 eu
466 2661 564 2735 mode,
599 2681 665 2745 quoa
687 2661 897 2745 restiupucndo
926 2663 991 2743 iqui
1011 2661 1121 2740 foreat,
1147 2672 1275 2744 portuo-

180 2772 232 2835 tee,
252 2757 327 2823 Tae.
355 2758 418 2824 An.
447 2759 510 2824 XII
539 2761 597 2834 68,
626 2760 647 2822 -l
674 2761 747 2824 dum
769 2783 834 2846 quse
848 2763 955 2847 foreat
968 2760 1275 2850 firmandoNcronie

181 2863 309 2947 imperio
331 2873 558 2946 componuntur,
580 2861 707 2926 similia.

256 2994 352 3060 Locos
379 2993 522 3061 Taciteos
550 2997 583 3060 in
611 2999 764 3079 quattuor
791 2996 907 3060 classes
933 2995 1164 3062 distribuimus.
1206 2997 1275 3062 Pri-

184 3119 269 3162 mam
304 3119 374 3162 eam
409 3099 565 3182 ponimns,
599 3099 631 3161 in
658 3119 722 3181 qua
756 3103 833 3163 sunt
859 3119 947 3163 voces
974 3100 1095 3163 adiutor
1122 3099 1198 3184 (An.
1226 3098 1276 3164 ΙΙ-Ι

188 3197 261 3286 12),
293 3199 434 3283 collegam
466 3199 541 3280 (An.
576 3198 622 3264 Vl
651 3199 697 3286 8),
725 3201 829 3264 ducem
862 3200 937 3282 (An.
965 3198 1026 3265 XV
1054 3202 1100 3288 6),
1124 3224 1276 3286 procuro·

185 3301 277 3362 tiones
310 3298 385 3380 (An.
414 3299 491 3366 XVI
521 3301 590 3388 17).
643 3299 803 3365 Videntur
828 3300 876 3364 ha
902 3322 991 3366 voces
1019 3324 1089 3365 cum
1115 3301 1277 3366 vocabulis

184 3399 246 3464 illis
283 3401 542 3485 magistratuum,
569 3401 755 3485 quibuscum
792 3402 892 3467 dativi
927 3403 1090 3466 nominum
1128 3402 1277 3488 gerundi·

185 3522 357 3584 verumque
383 3503 554 3586 saepissime
581 3506 824 3581 connectuntur,
852 3504 993 3587 proxime
1019 3503 1156 3569 conferri
1175 3525 1275 3587 posse.

186 3601 305 3667 Deinde
341 3607 418 3668 sunt
450 3605 591 3679 nomina,
620 3605 653 3667 in
680 3603 795 3686 quibus
822 3610 872 3669 est
900 3607 986 3669 notio
1024 3606 1186 3688 temporis,
1215 3607 1277 3670 dics

184 3702 240 3793 (Η.
269 3703 284 3768 Ι
313 3703 384 3792 41),
422 3729 536 3769 anuum
581 3703 656 3785 (An.
685 3704 718 3768 ΙΙ
747 3707 829 3792 26),
855 3718 971 3792 tempus
1004 3707 1080 3790 (An.
1114 3705 1164 3770 ΙΙΙ
1203 3707 1276 3791 40),

184 3803 298 3888 quibus
336 3805 419 3870 locos
454 3805 632 3871 consimiles
674 3806 758 3889 apud
798 3801 973 3889 superiores
1012 3808 1180 3891 scriptores
1216 3829 1276 3870 non

185 3905 292 3970 deesse
318 3909 382 3970 iam
419 3907 566 3976 vidimus.
617 3907 801 3990 Sequuntur
828 3909 967 3986 nomina,
995 3931 1064 3993 quae
1090 3907 1278 3992 significati-

184 4028 277 4072 onem
304 4007 480 4074 adiumenti
508 4009 554 4072 vel
581 4008 788 4073 instrumenti
815 4008 966 4091 praebcnt,
993 4010 1107 4097 plateoe
1129 4021 1279 4096 arabsque

239 4222 261 4287 ¹)
281 4227 315 4276 of.
334 4225 438 4290 Taipel,
457 4224 618 4276 Zeitrohrift
635 4225 680 4274 fiir
698 4225 747 4275 das
758 4225 1018 4287 Gymnasial·wesen
1028 4226 1090 4287 XII,
1100 4225 1193 4276 berlin
1208 4227 1279 4288 1858,

188 4325 213 4373 p.
232 4310 290 4372 552,
309 4310 353 4360 oui
371 4310 485 4360 eandam
503 4310 562 4362 tere
580 4308 713 4360 inuidisse
731 4308 896 4360 sententiam
914 4311 968 4361 iarn
987 4309 1076 4360 video.
