3214 5022
1203 505 1222 564 Β

172 673 239 738 dieo
266 674 402 750 dativoS,
431 672 542 756 quales
570 677 647 736 sunt
674 673 695 736 ii
710 673 764 756 qui
785 673 819 736 in
833 672 938 736 verbis
953 696 1117 750 concesse,
1140 678 1268 744 1111111111·

173 777 250 838 darc
272 776 395 850 insunt,
424 778 493 838 tum
520 773 658 838 dicemus
690 773 727 840 de
755 773 864 838 dativo
891 773 982 838 finali
1008 777 1182 852 nominum,
1211 797 1265 858 po-

171 880 290 940 stremo
322 876 360 938 de
393 875 500 938 dativo
534 874 682 968 gerundii
717 874 958 960 gerundivique,
997 896 1059 958 quo
1096 877 1266 960 saepissime

170 976 268 1039 finem
296 976 491 1062 propositum
518 974 693 1058 significari
720 975 799 1038 satis
828 980 964 1039 constat.

619 1173 818 1183 -—-—--—

472 1506 494 1584 Ι.
549 1505 966 1586 01111111111111111.

383 1655 458 1711 Esse
477 1653 570 1710 elicui
588 1669 677 1710 cura.
712 1653 793 1710 Bere
812 1654 906 1711 alicui
924 1635 1056 1711 crimini.

246 1866 315 1943 Qua
341 1868 394 1930 via
421 1888 457 1930 ao
489 1867 615 1930 ratione
643 1855 676 1930 hi
703 1867 802 1931 rtativi
831 1890 912 1930 curor
938 1871 970 1930 et
997 1869 1124 1932 crimini
1148 1869 1265 1952 quique

173 1969 212 2031 iis
240 1973 316 2032 sunt
343 1967 461 2030 similes
489 1967 693 2052 intellegendi
721 1969 788 2032 sint
815 1973 911 2051 atque
936 1967 1181 2049 interpretandi,
1210 1991 1265 2032 ne-

172 2089 335 2152 quaquam
368 2069 572 2132 consentiunt
598 2069 630 2144 ii,
658 2069 711 2152 qui
738 2069 799 2132 hac
824 2073 919 2132 aetate
944 2069 978 2131 in
1005 2073 1075 2132 erte
1102 2090 1266 2153 gramma-

172 2171 236 2234 tica
271 2169 381 2232 latinae
416 2169 533 2254 linguae
559 2169 729 2234 tractanda
756 2171 893 2234 maxime
920 2169 1078 2234 excellunt
1103 2169 1152 2234 vel
1178 2192 1266 2234 surn-

173 2293 224 2334 mo
251 2269 355 2334 studio
381 2275 562 2334 versantur.
616 2270 761 2352 Plerique
789 2271 872 2334 hunc
898 2269 998 2334 dativi
1020 2291 1114 2334 usum
1137 2291 1208 2334 cum
1227 2272 1266 2334 iis

174 2371 291 2436 dativis
326 2372 537 2454 coniungunt,
574 2372 640 2453 qui,
677 2376 714 2434 ut
745 2371 889 2454 exempla
922 2368 1068 2447 afferam,
1096 2373 1208 2434 insunt
1233 2373 1270 2460 in

175 2472 278 2536 verbis
306 2471 408 2535 locum
431 2474 543 2534 caetris
566 2495 685 2558 capere,
709 2472 861 2558 colloquio
884 2473 967 2535 diem
995 2473 1107 2549 dicere,
1129 2474 1268 2558 receptui
1364 2488 1367 2494 ’

175 2595 284 2637 cancre
307 2573 360 2648 at,
376 2577 408 2635 et
434 2577 565 2635 censent
592 2573 642 2636 his
669 2573 785 2638 dativis
799 2571 973 2657 significari
989 2573 1154 2638 consilium
1169 2572 1268 2654 quod-

176 2673 249 2738 dam
277 2673 323 2736 111
354 2671 385 2735 id
411 2672 494 2756 quod
527 2674 598 2756 quis
625 2673 686 2736 sibi
714 2673 878 2754 proposuit
904 2672 1108 2756 sequiturque
1135 2674 1268 2752 (suetice

176 2759 357 2854 'andamtl',
385 2775 566 2857 germanice
593 2769 749 2851 'Absicht
778 2773 1011 2854 Bestimmung,
1035 2770 1162 2850 Zweck',
1178 2771 1268 2836 fran-

85 2931 87 2936 .
178 2874 329 2958 cogallice
355 2871 442 2950 'but',
471 2873 597 2957 anglice
623 2869 802 2961 'purpose’),
831 2873 913 2938 unde
939 2871 1012 2935 hnic
1033 2873 1132 2937 dativi
1159 2873 1268 2958 generi

175 2996 289 3038 nornen
316 2973 445 3038 dativi
467 2973 482 3036 f
487 2965 609 3038 inalis
636 2978 685 3037 est
699 2975 891 3058 impositum.
928 2971 986 3036 Sed
1000 2973 1064 3036 iam
1079 2974 1200 3055 pridem
1214 2973 1268 3038 alii

176 3075 258 3139 docti
297 3075 355 3138 viri
391 3081 514 3158 negant
550 3097 621 3138 enm
657 3075 766 3140 dativi
793 3095 884 3138 casus
920 3095 1022 3150 usum,
1058 3073 1096 3136 de
1122 3095 1185 3157 quo
1217 3074 1268 3138 hio

176 3177 312 3262 agimus,
349 3177 412 3239 ista
448 3177 571 3238 ratione
598 3197 666 3239 esse
698 3174 946 3260 intellegendum
979 3173 1027 3236 vel
1054 3175 1124 3238 istis
1151 3174 1269 3240 finibus

176 3276 506 3342 circumscribendum.
558 3275 605 3340 Ac
632 3277 768 3360 primum
795 3276 833 3339 de
859 3275 919 3338 hac
945 3295 979 3337 re
1005 3297 1107 3358 pauca
1133 3275 1269 3338 dissera-

176 3399 257 3455 mus,
295 3378 503 3461 inquirentes,
540 3398 601 3459 quo
628 3375 718 3440 modo
745 3375 778 3440 hi
805 3375 906 3440 dativi
940 3375 1112 3458 accipiendi
1143 3376 1210 3438 sint
1235 3379 1272 3438 et

177 3500 274 3562 qnam
301 3477 366 3540 vim
392 3476 721 3560 significationemque
748 3477 916 3540 videantur
944 3475 1067 3540 habere.

251 3577 288 3642 In
317 3577 377 3642 hae
403 3578 577 3660 quaestione
592 3577 849 3660 proficiscendum
865 3581 914 3639 est
930 3575 971 3640 ab
992 3576 1031 3639 iis
1050 3577 1133 3654 locis,
1149 3577 1182 3639 in
1197 3577 1269 3659 qui-

177 3679 236 3743 bus
264 3679 347 3742 inest
380 3680 510 3742 verbum
537 3679 773 3742 substantivum
802 3699 873 3752 esec,
899 3677 975 3760 quia
1002 3677 1054 3740 isti
1081 3675 1140 3741 loci
1166 3677 1271 3740 multo

178 3779 406 3862 frequentiores
441 3784 517 3842 sunt
552 3799 649 3862 quam
675 3780 707 3856 ii,
736 3781 767 3842 in
796 3778 910 3860 quibus
946 3775 1032 3840 aliud
1062 3782 1112 3840 est
1138 3778 1268 3841 verbum

178 3885 214 3944 ut
242 3883 318 3943 darc
340 3881 450 3945 habere
473 3882 584 3944 ducere
605 3881 688 3956 sim,
717 3885 812 3962 atque
839 3877 923 3942 haud
952 3879 1014 3941 scio
1029 3901 1070 3942 an
1090 3880 1187 3944 etiam
1201 3879 1271 3942 sint

178 3973 413 4065 vetustiores¹).
466 3980 596 4048 Accedit
622 3981 704 4062 quod
732 3980 765 4044 hi
790 3979 858 4055 loci,
886 3979 919 4042 in
939 3980 1054 4062 quibus
1072 3984 1123 4044 est
1136 3979 1267 4044 verbum

231 4167 254 4230 ¹)
271 4168 438 4231 Inspiciatur
464 4165 547 4214 index
574 4177 677 4224 vocum,
701 4175 760 4225 quae
786 4162 816 4220 in
841 4162 894 4214 hoo
920 4163 1008 4212 dativi
1034 4176 1084 4212 nou
1107 4166 1178 4224 sunt,
1195 4163 1270 4212 loco·

179 4267 301 4316 rumque,
324 4263 404 4315 quem
427 4249 546 4298 oonieoit
572 4248 713 4310 Roby‚A
737 4247 877 4296 Grammer
900 4247 929 4296 ot
954 4247 1001 4296 the
1027 4246 1098 4296 latin
1124 4247 1266 4310 language.

181 4337 217 4387 11.
244 4337 365 4397 Prasiane,
387 4349 414 4397 p.
436 4343 539 4382 xxxvn
561 4347 618 4396 seq.
653 4330 730 4388 Quod
756 4332 841 4380 verba
865 4331 982 4382 ludibrio
1005 4330 1107 4391 tator-c,
1124 4330 1270 4380 irridendo
