3214 5022
1225 509 1241 564 5

193 681 324 744 honeste
352 680 440 744 facta
466 678 496 742 id
524 678 616 760 quasi
643 677 702 740 sibi
730 685 960 761 proposuerant
974 677 1021 741 vel
1036 677 1067 740 id
1085 679 1284 762 spectabant,
1320 719 1322 722 -

192 785 227 845 ut
267 803 304 844 ea
331 779 465 844 exitium
505 779 744 862 insequeretur?
779 778 949 861 Aequum
975 779 1091 842 dicitur
1117 779 1196 862 Agr.
1227 781 1284 856 31,

196 883 238 944 10
268 885 316 944 Ac
339 884 418 944 siout
444 883 476 942 in
495 879 630 968 familia
642 881 870 942 recentissimus
883 883 1012 964 quisquc
1024 902 1180 942 servorum
1193 883 1286 943 etiam

193 983 348 1046 conservis
379 981 521 1044 ludibrio
544 992 597 1057 est,
620 981 665 1042 sic
687 984 719 1042 et
745 1001 814 1061 quae
840 993 1026 1063 sequuntur,
1056 1003 1133 1042 num
1159 981 1285 1062 putabi-

193 1105 262 1146 mus
289 1083 438 1146 Taciturn
466 1082 584 1145 dictum
613 1079 748 1143 voluisse
776 1082 1024 1146 recentissimum
1041 1102 1165 1162 servum
1181 1081 1210 1144 id
1226 1081 1285 1144 sibi

192 1185 388 1266 propositum
419 1183 533 1246 habero
559 1183 606 1245 vel
635 1181 665 1243 id
693 1183 791 1263 sequi.
820 1187 856 1244 nt
883 1183 1080 1246 aconservis
1094 1182 1286 1246 irrideatur?

112 1299 114 1306 ’
192 1283 250 1346 His
287 1285 395 1348 edatis
432 1285 507 1347 iocis
543 1284 621 1346 satis
657 1282 891 1344 demonstrasse
927 1282 1003 1346 mihi
1036 1283 1142 1346 videor
1168 1283 1200 1346 in
1229 1283 1286 1346 hoc

192 1385 300 1448 dativo
335 1406 538 1467 nequaquam
566 1385 669 1446 inesse
697 1382 959 1464 significationem
989 1383 1111 1448 consilii
1139 1385 1185 1446 rel
1213 1381 1286 1446 finis
1352 1441 1353 1446 ,

192 1486 355 1568 propositi.

267 1585 336 1649 Iam
364 1607 437 1648 vero
464 1590 541 1648 sunt
568 1587 621 1668 qui
649 1586 758 1650 dicant
784 1585 868 1648 hune
896 1586 1037 1648 ‹latirum
1058 1607 1285 1666 esseproprae-
1316 1624 1322 1646 1

190 1686 306 1750 dicato.
347 1685 470 1750 Horum
484 1687 660 1750 innumero
675 1687 828 1769 praecipue
843 1687 1053 1750 nominandus
1067 1690 1116 1748 est
1130 1685 1209 1748 Rob
1217 1681 1284 1772 y¹),

125 1871 126 1876 ἵ
191 1789 244 1869 qui
273 1788 368 1850 etiam
403 1809 518 1850 nomen
552 1788 745 1868 praedioativi
773 1787 846 1850 huic
873 1787 980 1850 dativo
1007 1785 1130 1850 indidit.
1183 1786 1285 1862 Quam

190 1889 385 1952 sententiam
420 1893 457 1952 ut
493 1888 698 1964 demonstret,
736 1889 817 1950 locos
854 1887 938 1950 haud
974 1909 1088 1970 paucos
1116 1887 1223 1963 affert,
1251 1889 1284 1952 in

189 1989 303 2071 quibus
326 2010 364 2052 ea
391 1989 553 2065 vocabula,
582 2005 651 2072 quae
678 1990 710 2051 in
737 1988 796 2051 hoc
822 1989 921 2052 dativi
949 2011 1007 2051 usu
1035 2010 1171 2070 persaepe
1197 1989 1286 2052 inve·

190 2091 335 2165 niuntur,
371 2110 442 2152 cnm
471 2089 564 2152 verbo
591 2090 793 2154 substantivo
821 2091 989 2152 coniuncta
1016 2110 1077 2152 non
1106 2091 1139 2151 in
1166 2089 1284 2166 (latino,

190 2190 243 2254 scd
277 2191 310 2252 in
347 2191 548 2254 nominativo
578 2211 653 2254 casu
688 2189 750 2270 (vel
784 2191 816 2252 in
845 2191 1038 2273 accusativo)
1066 2193 1142 2252 snnt
1169 2191 1284 2272 posita.

191 2290 239 2354 Ad
266 2312 344 2373 quos
372 2292 452 2353 locos
480 2291 627 2372 perfacile
651 2290 708 2354 alii
735 2290 807 2354 addi
835 2285 1018 2375 possnnt²).
1068 2291 1112 2352 Ac
1138 2291 1286 2354 videntur

190 2413 267 2455 sanc
295 2391 324 2453 hi
354 2393 421 2467 loci,
458 2393 490 2453 in
518 2391 634 2472 quibus
668 2412 725 2474 pro
751 2391 859 2456 dativo
887 2413 972 2466 casu,
1001 2412 1093 2475 quem
1122 2394 1286 2472 exspecta·

191 2492 339 2568 verinrus,
377 2501 426 2554 est
468 2492 684 2556 nominativus
720 2492 782 2572 (vel
818 2493 1041 2576 accusativus),
1079 2492 1117 2554 ad
1153 2513 1215 2565 eos,
1252 2492 1285 2554 in

189 2595 303 2676 quibus
329 2598 378 2656 est
405 2592 543 2668 dativus,
572 2614 667 2676 qnam
695 2595 836 2675 proxime
864 2593 1017 2668 accedere,
1046 2598 1083 2654 ut
1111 2613 1204 2675 prope
1228 2612 1286 2674 pu·
1348 2631 1353 2639 ·

190 2695 323 2757 tandum
352 2694 394 2756 sit
423 2694 544 2757 nudam
571 2715 700 2776 prorsus
728 2695 811 2756 inter
839 2690 1007 2776 utrumqne
1034 2714 1126 2754 usum
1150 2693 1286 2756 interce·

190 2794 261 2858 dere
280 2849 283 2856 .
301 2794 547 2877 significationis
583 2793 809 2857 differentiam.
863 2792 922 2857 Sed
958 2795 984 2856 si
1018 2793 1196 2858 accnratius
1229 2792 1285 2856 hos

191 2895 272 2958 locos
308 2895 501 2976 inspicimus,
539 2881 627 2958 haud
657 2895 720 2957 scio
747 2917 789 2958 an
815 2893 999 2958 differentia
1025 2893 1167 2976 (quaedam
1195 2893 1283 2956 insit.

190 2995 332 3059 Primum
359 3017 412 3058 eos
441 2997 525 3058 locos
553 2997 758 3078 seiungamus
785 2999 919 3078 oportet,
950 2996 981 3058 in
1008 2994 1122 3078 quibus
1149 2993 1187 3058 ad
1211 2993 1285 3056 snb-

190 3098 368 3160 stantivum
409 3096 598 3179 adiungitur
630 3095 830 3168 adiectivnm,
870 3096 951 3178 quod
984 3117 1044 3159 non
1079 3100 1128 3157 est
1154 3119 1287 3178 orcynus

191 3200 294 3261 maior
316 3209 423 3260 taraone
450 3199 533 3274 sinu,
561 3219 658 3280 quum
687 3197 750 3260 alia
777 3198 932 3262 adiectiva
945 3219 1015 3260 cunr
1032 3198 1088 3260 hoc
1101 3197 1208 3260 dativo
1222 3216 1285 3258 non

190 3299 340 3382 coniungi
376 3299 456 3360 satis
492 3301 625 3361 constet.
679 3296 881 3382 Seiungimus
913 3299 1014 3382 igitur
1045 3298 1138 3372 locos,
1176 3295 1285 3378 quales

190 3405 266 3462 sunt
293 3399 360 3461 Liv.
390 3398 404 3462 I
434 3401 490 3474 52,
516 3399 536 3460 4
563 3421 668 3462 recens
697 3401 923 3475 documentum,
950 3399 1018 3462 Liv.
1046 3396 1122 3461 XXI
1153 3397 1207 3472 19,
1240 3396 1283 3458 10

191 3533 239 3538 ---
257 3533 292 3537 .--
304 3531 387 3538 ...--.

197 3579 200 3586 ’
242 3580 264 3640 ¹)
283 3582 365 3630 Latin
390 3582 531 3630 Grammar
549 3582 576 3630 II
595 3583 708 3632 Prefsce
726 3597 754 3645 p.
773 3595 864 3632 xxvn.
899 3584 1025 3632 Ceterum
1044 3581 1136 3644 aliqua
1155 3586 1285 3644 exparte

190 3665 241 3714 hoc
252 3666 421 3714 contendunt
439 3665 560 3726 Haase,
579 3666 693 3730 Reisig’s
712 3667 898 3730 Vorlesungen
917 3669 984 3716 iiber
1001 3667 1096 3716 latein.
1122 3665 1285 3730 Sprachwis-

191 3750 339 3809 senachait,
357 3749 449 3812 Leipz.
474 3750 546 3810 1839,
565 3765 591 3813 p.
611 3751 660 3800 670
672 3765 733 3800 ann.
747 3753 803 3812 546,
814 3752 962 3808 Schultz,
979 3751 1086 3800 Latein.
1097 3751 1286 3814 Sprachlehre,

189 3833 284 3882 Vierte
302 3837 382 3896 Aueg.
403 3834 563 3882 Paderborn
582 3835 654 3896 1857,
673 3832 687 3897 ξ
704 3836 751 3883 269
769 3839 845 3884 Anm.
877 3836 1074 3896 Niciander,
1092 3837 1147 3884 Der
1159 3834 1285 3883 iactitive

189 3916 305 3966 Dativus
323 3917 352 3964 in
370 3917 425 3966 den
448 3917 709 3968 Ciceronianischen
736 3919 1285 3980 8111111111).3,(1111111111111111111111111

191 4001 221 4050 id
239 4015 330 4064 agere,
349 4007 379 4050 ut
399 4003 617 4066 significationes
645 4004 814 4066 quorundam
833 4005 984 4064 verborum,
1004 4019 1063 4066 quae
1081 4005 1142 4066 ipsa
1159 4018 1213 4054 non
1233 4005 1286 4053 sni·

192 4086 293 4146 ficiunt,
321 4085 393 4135 inste
422 4088 541 4150 expleat,
561 4101 640 4150 quam
659 4088 694 4136 ob
714 4101 822 4137 canaam
841 4102 939 4136 nomon
957 4088 1129 4151 praedicativi
1148 4089 1286 4150 proponit,

192 4171 240 4220 sen
267 4171 296 4218 in
324 4170 395 4218 hanc
423 4179 477 4220 rem
506 4187 560 4220 non
579 4171 734 4222 accuratius
753 4173 876 4236 inquirit.
907 4173 1035 4237 Sequitur
1061 4187 1121 4220 enm
1139 4172 1284 4232 Kiihner‚

190 4255 265 4302 Ausi.
286 4255 457 4304 Grammatik
477 4257 526 4304 der
544 4255 653 4304 Latein.
673 4255 792 4318 Sprachc
810 4259 844 4306 II:
865 4259 886 4317 l,
904 4272 930 4320 p.
949 4254 1006 4316 252,
1024 4253 1038 4317 ξ
1058 4258 1098 4317 77,
1117 4259 1139 4306 3.

241 4335 263 4398 ²)
283 4339 323 4387 cf.
344 4339 465 4399 Kiihner,
484 4341 559 4390 Ausi.
578 4343 637 4392 Lat.
657 4344 745 4392 Gram.
764 4344 790 4392 Π
809 4357 834 4405 p.
853 4339 910 4402 255,
929 4339 943 4403 ξ
959 4343 989 4392 ii
1008 4344 1083 4390 Anm.
1102 4343 1119 4390 l.
