3214 5022
358 405 397 458 24

316 599 381 660 eqs
418 575 548 640 verbum
588 577 715 638 uceticae
749 573 865 638 habere
901 577 1169 660 significationem
1206 579 1353 642 mutandi
1380 584 1414 643 et

315 677 453 762 figuram
485 678 568 744 vocis
606 675 688 739 malo
727 697 796 740 esse
834 675 915 740 idem
949 679 1032 762 quod
1069 675 1108 741 'in
1136 675 1278 744 malum'.
1331 679 1412 744 Tum

315 777 522 843 nranifestnm
550 783 597 840 est
624 777 685 840 huc
711 797 774 839 non
789 775 1004 842 referereudas
1019 801 1085 842 esse
1100 779 1285 858 locutiones,
1301 781 1413 863 quales

316 887 392 944 sunt
421 881 531 944 honor-i
553 879 689 940 alicuius
712 879 789 942 dare
812 876 851 940 H.
880 877 896 940 I
925 879 981 954 77,
1012 883 1044 956 9,
1075 879 1137 945 An.
1166 881 1198 944 ΙΙ
1227 881 1285 958 58,
1316 884 1347 960 3,
1364 881 1419 944 ΙΙΙΙ

318 983 374 1058 72,
407 981 462 1057 15,
492 980 578 1054 aliti,
607 979 655 1041 vel
683 979 794 1042 honori
816 979 952 1044 alicuius
975 982 1110 1044 tribuere
1136 981 1200 1046 An.
1216 981 1335 1059 V150‚
1356 983 1411 1046 13.

430 1195 477 1288 4„
504 1192 548 1260 ne
571 1191 690 1260 dativis
713 1149 861 1260 avxilio
889 1193 1077 1276 presidio
1100 1193 1296 1262 subsidio.

363 1335 591 1398 vSeiunrimns
617 1354 669 1396 ecs
697 1333 789 1409 lucca,
818 1335 850 1396 in
878 1335 993 1416 quibus
1021 1339 1098 1398 sunt
1123 1335 1220 1398 verba
1257 1335 1414 1397 auxilio

314 1435 492 1517 praesidio
520 1434 714 1508 subsidia,
744 1455 843 1516 quum
870 1435 990 1518 ambigi
1016 1437 1127 1518 possit,
1155 1456 1296 1518 quonam
1322 1435 1413 1498 modo

314 1535 348 1598 hi
374 1536 474 1599 dativi
503 1535 677 1617 accipiendi
704 1536 780 1598 sint.
835 1531 1049 1624 Nieldnder¹t
1076 1535 1245 1600 discrimen
1265 1535 1344 1600 facit
1364 1536 1412 1598 in-

313 1641 362 1700 ter
395 1637 557 1699 «dativum
574 1636 775 1698 factitivnm»
797 1639 889 1717 (darc
911 1637 1010 1714 laudi,
1030 1639 1168 1712 crimini,
1184 1638 1270 1723 sim.)
1284 1642 1317 1700 et
1337 1637 1412 1700 «da-

215 1731 217 1737 ’
313 1731 416 1800 tivum
455 1737 712 1818 praedicativum»
757 1740 910 1822 (receptui
943 1761 1061 1814 canere,
1095 1741 1216 1800 mittere
1247 1740 1413 1822 praesidia,

313 1841 428 1912 venire,
445 1840 611 1927 proficisci
632 1840 785 1914 subsidii),
808 1839 919 1902 habere
938 1843 1071 1924 quaestui
1084 1839 1155 1923 al.).
1196 1836 1317 1900 Nomen
1334 1857 1414 1920 prae·
1450 1833 1452 1837 ¹

314 1939 444 2002 dicativi
484 1941 585 2022 igitur
621 1941 649 2002 ei
684 1939 785 2002 dativi
820 1941 930 2022 generi
971 1940 1095 2003 videtur
1126 1939 1324 2020 imposuisse,
1352 1959 1413 2022 quc

313 2039 410 2122 vulgo
438 2044 557 2122 putant
583 2039 762 2124 significari
778 2041 943 2104 eonsilium
959 2042 1031 2104 finis
1045 2041 1199 2123 propositi
1214 2040 1411 2121 assequendi,

315 2141 397 2222 quod
435 2142 561 2222 quidem
595 2161 710 2204 nomen
742 2146 826 2204 certe
853 2142 923 2204 istis
950 2141 1067 2204 dativis
1094 2142 1200 2204 minus
1227 2145 1339 2222 aptum
1365 2139 1411 2200 vi-

313 2241 417 2317 detur,
446 2243 472 2304 si
499 2243 625 2324 quidem
652 2242 846 2324 significatio
872 2243 994 2305 consilii
1022 2245 1052 2305 in
1083 2243 1121 2304 iis
1148 2243 1241 2304 inest.
1280 2237 1326 2302 De
1340 2240 1410 2303 aliis

313 2341 526 2406 locutionibus
559 2343 609 2406 hic
636 2363 699 2404 non
730 2343 928 2405 disseremus
982 2342 1130 2406 Dicemus
1158 2348 1265 2405 autem
1292 2341 1329 2404 de
1356 2361 1410 2402 vo-

227 2444 229 2448 ’
314 2442 403 2506 cibus
432 2445 564 2510 auditio,
582 2445 747 2529 praecidio,
771 2445 913 2506 subsidio
935 2447 1049 2520 venire,
1076 2446 1206 2519 mittere,
1231 2444 1302 2506 sim.
1344 2441 1410 2504 Dn-

313 2543 410 2607 bitari
448 2567 525 2607 sane
561 2549 676 2626 potest,
713 2565 777 2624 qua
811 2545 862 2607 via
889 2565 925 2608 ac
952 2547 1077 2608 ratione
1104 2543 1320 2627 intellegenda
1347 2544 1413 2606 siut

314 2645 410 2708 verba
446 2645 501 2708 illa
534 2645 656 2710 auritio
678 2647 809 2721 mittere,
836 2648 945 2707 utrum
972 2646 1118 2730 putanda
1145 2647 1211 2708 sint
1237 2644 1319 2706 idem
1346 2665 1413 2706 esse

313 2745 395 2828 quod
425 2743 560 2809 'mittere
588 2745 724 2828 (copias)
751 2747 790 2809 ad
818 2745 973 2810 auxilium
1001 2747 1047 2808 vet
1069 2768 1105 2809 eo
1127 2745 1258 2809 consilio
1272 2749 1307 2807 ut
1322 2744 1413 2807 auxi-

314 2846 357 2909 lia
393 2847 470 2931 sint,
501 2854 538 2910 nt
565 2844 769 2910 auxilientur'
802 2886 839 2895 -
872 2851 940 2910 tum
970 2849 1091 2911 auritio
1114 2850 1162 2910 est
1175 2847 1304 2910 dativus
1331 2843 1412 2908 fina-

314 2946 354 3032 lis
383 2985 440 3022 -,
469 2969 510 3010 an
540 2949 646 3029 copias
674 2947 795 3011 auritio
817 2951 907 3012 mitto
930 2949 1011 3012 idem
1039 2949 1082 3011 sit
1107 2948 1190 3031 quod
1210 2944 1412 3028 'copiasmit-

313 3051 386 3110 tens
412 3047 482 3109 volo
510 3049 629 3130 (iubeo)
656 3067 711 3110 eas
738 3049 857 3111 auxilio
890 3047 968 3112 esse’
1000 3087 1039 3097 -
1076 3051 1102 3112 si
1130 3051 1177 3112 ita
1204 3051 1263 3122 est,
1291 3045 1412 3108 attritio

314 3169 372 3229 pro
407 3147 514 3210 dativo
550 3149 686 3212 effectus
722 3149 937 3232 accipiendum
973 3155 1033 3214 est.
1087 3149 1155 3212 Hoc
1181 3146 1412 3230 praeferendum

219 3325 223 3333 ¹
314 3249 416 3324 ereda
451 3248 534 3330 qnod
567 3250 665 3312 etiam
692 3249 726 3311 in
752 3251 927 3314 vetustiore
955 3250 1119 3314 latinitate
1145 3250 1264 3312 dicitur
1291 3247 1412 3311 auxilio

314 3373 378 3414 csse
417 3350 505 3434 (inde
541 3374 559 3413 a
595 3349 702 3413 Plauti
742 3351 938 3434 temporibus
971 3359 1135 3435 persaepe),
1164 3351 1320 3436 proeez'dio
1350 3369 1412 3411 cccc

315 3449 425 3531 (Varr.
455 3449 493 3514 R.
503 3449 554 3527 R„
582 3451 644 3514 Cic.
674 3451 735 3534 at.)
762 3452 904 3516 subsidio
926 3475 991 3516 ecee
1016 3452 1091 3534 (Cic.
1120 3449 1325 3536 Gaea)‚unde
1351 3448 1412 3510 illae

314 3550 488 3614 locutiones
515 3533 629 3627 ventac,
660 3553 781 3614 mittere
808 3553 929 3617 auritio
956 3553 1026 3616 sim.
1057 3553 1205 3617 videntur
1231 3548 1412 3613 manavisse

313 3655 344 3714 et
373 3651 405 3712 in
432 3649 546 3736 lingua
579 3653 712 3716 militari
739 3653 943 3717 inveterasse.
978 3655 1111 3718 Auxilio
1133 3649 1412 3716 ecsceinsdemest

312 3753 440 3836 generis
469 3756 566 3835 atque
592 3756 675 3827 aaut,
698 3755 878 3818 adiumento
901 3777 973 3818 esce.
1018 3754 1107 3819 Inter
1132 3752 1411 3816 verbacsceacri-

314 3854 358 3915 lic
381 3857 413 3916 st
436 3856 557 3916 mittere
580 3855 701 3918 auritio
724 3853 833 3917 eadem
862 3855 1021 3919 screratic
1036 3854 1203 3920 intercedit
1216 3855 1314 3934 atque
1327 3853 1410 3914 inter

313 3977 377 4018 esce
399 3955 490 4017 laridi
512 3961 545 4017 ct
571 3958 648 4018 darc
670 3955 771 4018 laudi.
823 3955 964 4034 Accedit,
994 3957 1075 4038 quod
1102 3955 1230 4018 dativus
1256 3951 1363 4016 finalis
1376 3951 1409 4012 iu

312 4057 487 4118 vetustiore
516 4056 620 4119 latina
648 4058 759 4139 lingua
786 4057 916 4120 omniuo
943 4079 1005 4120 uon
1033 4055 1169 4120 inveniri
1196 4053 1321 4118 videtur
1347 4051 1410 4114 uisi

365 4234 386 4300 ¹)
404 4239 459 4288 Der
476 4239 606 4290 factitivc
624 4239 740 4290 Dativus
758 4241 788 4290 iu
806 4241 861 4292 deu
878 4241 967 4292 Cicer.
986 4240 1061 4290 Schr.
1079 4253 1106 4302 p.
1124 4241 1149 4290 6.
