3214 5022
323 450 361 506 38

280 620 363 684 baud
383 618 752 701 minusnoeice,quotIens
770 618 949 701 parando
971 639 1086 700 repua
1099 616 1271 702 flnpuntur.
1308 614 1372 680 An.

281 717 327 784 IV
356 719 412 795 73,
443 721 462 782 6
492 719 594 801 Ipe'tur
611 720 756 803 prauima
779 718 922 780 cestuaria
945 717 1374 801 cpperibussipontibustro·

250 850 251 855 ¹
281 821 454 896 ducendo
474 819 611 902 probiori
632 819 778 903 apmini
791 820 908 906 firmat.
955 817 1016 880 An.
1044 810 1091 881 VI
1120 816 1175 894 13,
1207 819 1224 881 7
1251 819 1297 880 Ita
1318 839 1375 882 ca·

283 921 465 1004 stipanda
490 918 599 1004 plebi
626 923 832 1004 compositum»
851 930 972 982 senatus
1003 917 1168 984 consultum
1190 939 1256 1000 eqs.
1310 917 1373 982 An.

283 1021 329 1088 VI
360 1020 415 1096 17,
446 1021 465 1083 9
495 1022 566 1104 quia
593 1021 795 1107 faerseralores
817 1043 933 1084 ornnem
965 1023 1127 1104 pecuniam
1160 1021 1377 1084 mercandis

283 1123 391 1206 apris
413 1121 619 1184 condiderant.
664 1119 727 1184 An.
755 1119 804 1184 Vl
832 1121 889 1195 37,
918 1120 937 1182 5
966 1143 1032 1182 curn
1064 1121 1111 1182 bic
1133 1142 1214 1184 inore
1237 1121 1377 1184 Raomno

284 1221 497 1286 suovetaurilia
527 1222 623 1302 deret,
655 1221 703 1284 ille
725 1243 833 1306 equum
857 1221 1047 1304 placando
1070 1221 1172 1286 amrti
1193 1222 1378 1295 adornasset,

285 1343 351 1406 aqs.
405 1319 467 1386 An.
496 1319 544 1386 VI
571 1320 628 1396 50,
659 1321 700 1384 21
731 1345 798 1398 cunc
818 1332 938 1406 repente
970 1321 1200 1406 adfertur
1220 1325 1379 1408 vocarique

285 1425 339 1510 quusi
360 1424 577 1486 recrea'ndee
599 1423 810 1506 defectioni
830 1421 928 1486 cibum
950 1422 1117 1508 adferrent,
1160 1421 1223 1486 An.
1252 1421 1298 1486 XI
1321 1421 1377 1498 14,

290 1525 331 1588 17
361 1546 427 1608 quse
450 1521 528 1604 (tres
555 1521 655 1586 Iiierae
680 1522 874 1608 Claudianae)
894 1571 902 1590 .
919 1571 925 1584 .
942 1571 974 1587 ..
997 1524 1187 1606 aspiciuntur
1198 1526 1287 1588 etiarn
1299 1548 1381 1588 etune

286 1627 318 1688 in
341 1647 398 1689 cere
415 1623 667 1709 publicandis
684 1617 863 1709 plebiiis¹)
872 1647 930 1708 per
945 1625 1070 1712 faram
1083 1623 1193 1708 templa
1205 1626 1282 1712 fiac.
1316 1623 1378 1689 An.

286 1723 332 1788 XI
369 1726 426 1802 20,
459 1725 499 1787 11
539 1726 592 1810 qui
621 1726 653 1788 in
675 1749 748 1808 apro
783 1725 929 1788 Mattiaco
961 1725 1132 1818 recluserat¹
1155 1747 1258 1810 specus
1289 1748 1381 1811 quee-

289 1827 381 1890 rond
390 1828 423 1888 is
455 1828 558 1888 cenis
588 1829 715 1908 arpenti.
762 1823 823 1889 An.
852 1823 915 1888 XII
944 1825 1001 1902 32,
1026 1823 1076 1900 Ι13
1103 1825 1219 1890 colonia
1242 1826 1381 1890 Camnlo-

288 1929 404 1990 dunum
419 1975 425 1990 .
440 1927 658 1990 ...deducitur
691 1929 723 1989 in
753 1950 842 2010 apros
874 1929 1015 2010 captiuos,
1042 1926 1211 1990 subsidium
1238 1929 1384 1992 adversus

287 2027 408 2092 rebelles
430 2038 456 2090 ct
478 2027 679 2092 tribuendis
702 2031 816 2092 sociis
838 2029 879 2090 ad
901 2027 1121 2113 officialepurn.
1165 2026 1228 2092 An.
1246 2026 1310 2092 XII
1325 2027 1382 2102 41,

288 2130 310 2192 18
339 2127 382 2192 Et
404 2127 521 2192 ludicro
543 2129 730 2203 circensium,
752 2130 833 2214 qreod
861 2129 1118 2213 adquirendis
1142 2129 1221 2212 vulpi
1243 2131 1384 2194 studiis

289 2229 439 2304 edebatur,
462 2249 527 2312 eqS.
581 2227 644 2292 An.
673 2226 737 2294 XII
765 2228 823 2306 48,
854 2229 873 2292 8
902 2232 1017 2292 semina
1040 2231 1128 2292 etium
1151 2231 1290 2294 odiorum
1311 2231 1383 2292 icci-

290 2332 377 2404 enda,
404 2340 540 2414 uiscepe
569 2330 729 2414 principes
761 2331 896 2394 Romani
921 2332 1052 2394 eandem
1084 2331 1261 2394 Armeniam
1290 2332 1386 2416 specie

290 2431 459 2515 larpitionis
480 2430 684 2496 turbandis
707 2431 907 2494 barbararum
927 2431 1064 2494 anienis
1083 2432 1279 2514 prcebuerint.¹
1321 2430 1384 2496 An.

290 2529 353 2596 XII
382 2531 441 2608 57,
469 2530 490 2592 4
517 2543 544 2594 et
572 2533 836 2595 contrahenda
863 2555 971 2594 rursus
1000 2532 1245 2596 multitudini
1263 2535 1387 2620 plodio-

291 2647 387 2697 torsnn
421 2627 620 2718 spectaculum
654 2634 765 2706 editur,
797 2653 863 2716 eqS.
918 2631 980 2696 An.
1009 2630 1090 2698 XIII
1127 2634 1182 2711 10,
1214 2636 1233 2696 6
1263 2647 1388 2700 veterem

292 2734 464 2820 relipionem
495 2733 694 2807 kalendorum
716 2735 938 2808 Ianuariarum
968 2737 980 2798 i
987 2734 1178 2798 neleoaudo
1200 2759 1295 2800 arceto
1317 2737 1387 2800 reti·

292 2838 367 2900 reicit.
412 2835 476 2898 An.
506 2833 586 2898 XIII
626 2833 681 2912 11,
712 2835 731 2898 8
760 2859 837 2922 quas
869 2833 1055 2920 (orationes)
1091 2835 1213 2912 Seneca,
1246 2839 1388 2923 testiti-

292 2928 450 3022 eanda²)
484 2959 576 3021 quam
603 2936 724 3000 bonesta
751 2939 932 3022 preciperet
954 2936 997 2999 vel
1020 2939 1154 3000 iactandi
1175 2939 1301 3023 inpene'i,
1325 2963 1389 3002 aare

288 3038 443 3123 principis
465 3037 614 3120 culpabat.
659 3035 721 3102 An.
750 3035 831 3102 XIII
862 3037 916 3113 13,
950 3036 990 3098 11
1024 3037 1099 3100 'I'um
1122 3038 1298 3125 Ape-ippina

293 3161 379 3200 siccem
399 3140 500 3222 patius
528 3137 696 3200 cubiculum
718 3161 753 3202 aa
776 3140 876 3202 sinum
898 3137 1013 3220 afferre
1045 3143 1288 3225 contependis
1323 3163 1390 3227 quse

227 3235 229 3239 ’
289 3239 397 3326 prima
419 3250 491 3302 setas
513 3250 539 3302 et
561 3261 680 3302 suranco
695 3240 828 3324 fortuna
850 3249 1025 3324 eapeterent.
1070 3237 1386 3320 An.X11141,11

262 3340 263 3344 ’
295 3364 346 3414 nec
367 3341 401 3402 id
424 3340 509 3404 nabis
533 3341 644 3402 uirium
670 3341 838 3430 erat,quod
854 3342 1060 3426 firmando
1080 3344 1264 3426 prasidio
1285 3355 1313 3407 et
1333 3367 1391 3406 ea-

290 3443 479 3532 pessendo
511 3436 610 3506 bella
643 3442 829 3506 divideretur
855 3462 919 3525 eqS.
973 3439 1035 3506 An.
1064 3439 1144 3506 XIII
1172 3442 1230 3519 42,
1261 3442 1304 3508 13
1338 3447 1392 3530 qui

290 3533 426 3605 ¹viridam
450 3554 476 3606 et
498 3543 706 3626 incorruptam
730 3541 928 3628 eloquentiam
951 3547 1068 3606 tuend
1075 3545 1105 3604 is
1133 3545 1279 3608 ciuibus
1306 3569 1392 3610 cecr-

294 3653 400 3708 cerent.
444 3641 507 3707 An.
546 3641 626 3708 XIII
662 3642 719 3720 49,
758 3644 777 3706 2
815 3667 874 3729 quc
909 3642 1053 3726 (senatus
1090 3644 1246 3732 consulto)
1278 3649 1393 3712 ciuitati

349 3860 372 3923 ¹)
391 3863 456 3912 Haeo
474 3866 517 3912 est
535 3862 693 3912 contectura
711 3862 846 3927 Madvigii
864 3862 923 3912 veri
942 3861 1083 3912 stmillitna
1097 3875 1146 3926 pro
1165 3877 1206 3924 eo,
1222 3865 1295 3928 quod
1306 3865 1392 3915 codex

296 3947 381 3996 habet
396 3947 511 4010 publica.
530 3947 573 3995 dis
587 3947 747 4010 plebiscitis.

348 4028 371 4091 ²)
390 4031 554 4080 Conferant
571 4031 620 4080 An.
639 4033 688 4081 XV
707 4035 746 4093 16,
759 4035 846 4098 iquos
865 4033 1089 4096 testificando
1110 4047 1155 4082 ree
1175 4035 1296 4082 misisset.
1325 4034 1392 4083 Can-

296 4120 341 4164 333
359 4131 392 4165 ea
410 4116 459 4164 An.
477 4115 518 4164 111
537 4117 576 4177 72,
591 4118 611 4164 a
629 4118 667 4165 At
685 4118 793 4180 Porcpei
811 4119 943 4166 theutrum
961 4120 1020 4180 ipree
1032 4117 1150 4179 sarircita
1167 4118 1291 4167 bernium
1306 4119 1394 4167 Cesar

297 4204 480 4250 retracturum
502 4199 645 4263 pollicitus
671 4206 719 4262 est,
746 4217 773 4250 eo
803 4202 872 4266 quod
899 4215 970 4250 neate
996 4215 1009 4248 3
1030 4201 1145 4262 sam-iliu
1172 4201 1393 4251 restauranda

297 4284 443 4348 sufferret,
461 4283 626 4334 audiendum
645 4289 689 4334 esi
706 4287 731 4334 ei
748 4286 792 4334 vel
811 4286 913 4335 tbeairo
933 4287 1048 4348 Perrupei.
