3214 5022
327 475 344 529 8

286 645 352 708 sint
387 663 456 726 qnae
490 642 601 706 futura
635 641 713 716 sint,
749 646 781 704 et
816 641 849 704 in
883 640 942 704 hoe
968 661 1038 704 eam
1078 662 1154 714 rem,
1181 643 1264 725 qnod
1290 644 1380 725 pueri

288 745 335 808 ita
343 744 632 818 celeriterdiseant‚
643 739 932 831 afterrelpraebere)
941 763 1096 824 magnum
1106 737 1379 830 argumentum).

285 845 484 928 Quamquam
512 843 604 908 facile
632 843 765 906 oonoedo
792 863 856 905 non
883 864 1036 926 maguam
1062 863 1131 905 esse
1156 843 1241 908 inter
1258 849 1382 908 utrum·

286 967 348 1030 que
383 945 506 1008 dicendi
542 965 644 1028 genus
680 943 906 1008 differentiam.
963 941 1022 1007 Sed
1057 943 1088 1006 id
1124 945 1274 1026 perfacile
1312 947 1383 1028 qui-

289 1049 336 1110 vis
381 1045 441 1108 sibi
486 1046 679 1128 persuaserit
718 1043 792 1108 huie
833 1045 1018 1108 elocutionis
1063 1043 1254 1110 differentia
1292 1067 1383 1110 suam

286 1169 356 1212 esse
387 1168 516 1210 eausam
549 1167 702 1229 suamque
743 1146 910 1210 rationem.
964 1144 1002 1208 In
1033 1147 1120 1208 omni
1159 1147 1286 1210 exculta
1320 1147 1383 1210 lin-

287 1269 352 1332 gua
380 1247 551 1310 locutiones
585 1251 727 1323 exstant,
755 1267 825 1330 quae
851 1248 954 1328 speeie
980 1246 1107 1329 quidem
1133 1252 1211 1310 sunt
1236 1249 1384 1312 consimi-

287 1349 334 1412 les
370 1348 540 1432 eodemque
568 1348 714 1410 videntur
741 1348 852 1422 redire,
880 1346 934 1410 sed
961 1368 1070 1430 reapse
1097 1349 1182 1410 inter
1208 1370 1242 1411 se
1267 1348 1384 1412 disere·

288 1454 369 1532 pant
404 1453 436 1512 et
470 1449 510 1512 ad
545 1449 723 1534 orationem
759 1447 914 1512 varietate
950 1447 1088 1510 colorum
1124 1449 1383 1531 distinguendam

290 1550 461 1634 plurimum
489 1550 608 1612 valent.

362 1649 443 1712 Tum
482 1649 799 1714 animadvertendum
835 1656 884 1714 est
914 1648 1072 1731 Robynm‚
1101 1672 1141 1712 ne
1170 1671 1210 1712 ex
1235 1651 1303 1714 eius
1331 1671 1384 1714 ex·

291 1751 429 1832 plicandi
456 1751 579 1813 ratione
606 1752 768 1814 sententis
795 1751 884 1814 nulla
911 1752 1047 1814 exsistat
1067 1750 1242 1814 velsensns
1257 1772 1384 1833 prorsus

289 1857 464 1926 evertatur,
503 1872 640 1932 persaepe
677 1852 791 1915 addere
826 1873 942 1926 vocem,
970 1873 1034 1934 qua
1061 1851 1263 1934 significatur
1289 1871 1385 1914 eausa

288 1953 337 2014 vel
375 1952 440 2014 tale
465 1951 551 2034 quid,
580 1957 616 2014 ut
644 1953 843 2030 absolutioni,
866 1954 994 2016 eriorioi
1022 1948 1152 2035 'ground
1180 1952 1229 2014 for
1262 1953 1386 2035 aequit-

287 2053 345 2126 tal,
374 2049 513 2135 charge,
544 2053 699 2138 voluptati
725 2055 754 2116 'a
781 2075 890 2117 souree
914 2052 950 2116 oi
974 2050 1138 2135 pleasure',
1166 2050 1290 2118 auroe'a
1311 2053 1386 2116 sub·

284 2154 351 2236 jeet
379 2154 428 2214 for
454 2150 545 2218 eare'.
599 2152 781 2217 Mirandum
813 2155 939 2218 videtur
964 2159 997 2216 et
1022 2173 1061 2216 ex
1087 2175 1149 2236 qno
1175 2154 1269 2234 quasi
1298 2153 1386 2216 fonte

288 2253 354 2317 haee
381 2253 534 2317 voeabula
563 2253 739 2318 haurienda
770 2256 836 2318 sint
863 2259 896 2316 et
922 2275 1064 2336 quanam
1091 2276 1130 2316 ex
1153 2253 1386 2318 oausaiaetum

288 2356 341 2430 sit,
376 2359 413 2416 ut
447 2355 479 2416 iu
507 2354 556 2417 his
580 2355 702 2418 dicendi
737 2356 908 2438 generibus
935 2376 991 2437 pro
1018 2375 1054 2416 eo
1079 2375 1166 2430 essu,
1193 2355 1247 2436 qui
1275 2354 1387 2437 praedi-

288 2455 352 2518 eati
380 2455 445 2517 viee
472 2455 588 2538 ubique
616 2454 775 2539 iungitur.
804 2451 1160 2536 diconominativolvel
1176 2457 1384 2536 accusativo),

289 2551 389 2630 alius(
412 2555 461 2617 eui
490 2555 575 2618 aliud
602 2560 635 2618 et
662 2577 753 2618 sumu
781 2562 830 2620 est
856 2578 991 2630 mnnnss
1012 2555 1212 2620 adhibeatur.

365 2655 450 2720 Satis
487 2663 621 2740 apparet
654 2655 738 2720 hune
770 2658 925 2733 dativum,
954 2658 1011 2720 etsi
1040 2677 1103 2720 non
1133 2677 1190 2739 pro
1217 2657 1387 2739 praedicato

289 2755 490 2839 accipiendus
517 2759 569 2834 sit,
603 2758 633 2822 id
668 2779 772 2842 agere,
798 2763 836 2822 nt
863 2758 969 2834 verba,
998 2779 1068 2842 quae
1094 2758 1164 2840 ipsa
1191 2757 1231 2820 ad
1258 2763 1387 2820 senten·

288 2858 369 2920 tiam
397 2857 591 2922 efferendam
619 2880 680 2922 non
709 2859 884 2924 sufficiant.
913 2861 996 2924 iuste
1018 2859 1157 2940 expleat.
1197 2856 1257 2921 Sed
1277 2857 1386 2921 eadem

289 2963 339 3020 est
364 2960 447 3021 ratio
474 2959 615 3041 genetivi
641 2965 674 3022 et
701 2961 834 3024 ablativi
861 2959 1040 3042 qualitatis,
1071 2978 1173 3038 neque
1200 2963 1307 3020 tamen
1329 2957 1386 3021 hos

290 3079 382 3121 casus
409 3059 441 3119 in
470 3058 531 3120 isto
553 3081 611 3120 usu
639 3081 695 3142 pro
721 3059 899 3142 praedieatis
927 3058 1091 3122 habemus.

366 3157 434 3222 lam
469 3158 497 3220 si
537 3159 717 3242 qnaerimus,
754 3181 851 3242 qnam
890 3161 954 3222 vim
990 3158 1320 3242 significationemque
1355 3159 1387 3222 id

291 3259 391 3322 dativi
418 3280 531 3342 genus,
561 3259 598 3322 de
624 3281 686 3344 quo
712 3260 856 3331 dicimus,
885 3259 1001 3324 habere
1030 3259 1186 3332 videatur,
1217 3259 1275 3323 hoe
1294 3281 1332 3324 ex
1351 3281 1387 3324 eo

291 3359 438 3428 efficitur.
478 3361 560 3443 quod
600 3361 663 3425 iam
699 3361 914 3424 disseruimus.
967 3359 1173 3424 Ostendimus
1208 3362 1294 3424 enim
1330 3359 1387 3424 hoc

289 3459 398 3522 dativo
426 3461 612 3544 significari,
638 3460 713 3544 quid
741 3461 849 3544 aliqua
876 3481 925 3524 res
946 3461 1075 3534 afferat,
1090 3459 1222 3536 efficiat,
1236 3481 1333 3544 quarn
1347 3461 1387 3524 ob

289 3581 418 3624 oausam
434 3560 598 3625 adrerum
624 3583 721 3644 quam
748 3564 890 3645 proxime
917 3562 1062 3626 secedere
1091 3561 1243 3638 videmur,
1271 3562 1298 3624 si
1311 3561 1387 3626 dici-

290 3681 361 3724 mus
388 3661 473 3724 hune
498 3663 599 3726 dativi
624 3684 717 3726 usum
744 3663 963 3728 demonstrare
987 3663 1139 3726 effaetum
1162 3661 1322 3744 quendam
1337 3663 1387 3726 vel

292 3761 423 3845 aliquid,
451 3763 533 3844 quod
560 3785 597 3827 ea
624 3785 685 3840 res,
713 3765 802 3828 euius
829 3765 950 3828 mentio
975 3763 1023 3840 iit,
1052 3763 1145 3828 alieni
1173 3756 1322 3849 elficit²).

288 3895 469 3902 ---—....--.

344 3960 365 4024 ¹)
383 3965 424 4012 Ex
441 3963 494 4014 hac
520 3963 627 4013 ratione
655 3965 850 4028 intellegimus,
875 3967 955 4028 quod,
983 3970 1014 4014 nt
1032 3966 1114 4014 docet
1137 3963 1257 4028 Madvig,
1279 3964 1386 4012 Lotein.

291 4045 446 4110 Spraehl.§
470 4047 519 4096 249
547 4063 616 4107 ann,
635 4049 670 4098 sb
697 4049 809 4112 optimis
836 4049 1018 4112 scriptoribus
1045 4050 1178 4108 sequente
1196 4047 1386 4096 enuntiatione

291 4131 454 4182 secundaria
482 4132 584 4182 dicitnr
601 4136 744 4181 oraairaom
762 4137 800 4180 ert
819 4139 1008 4197 arpunreatuoe,
1026 4145 1080 4179 non
1098 4130 1184 4180 iaoile
1203 4131 1268 4179 item
1287 4135 1326 4180 ert
1343 4146 1386 4178 ar·-

286 4219 445 4280 9unrenturm
463 4217 650 4266 dererrmeolum.

342 4295 365 4361 ¹)
375 4299 451 4349 Dicit
460 4301 571 4365 Madvig
580 4303 597 4350 l.
608 4299 657 4364 αξ
672 4303 721 4352 249
735 4304 787 4354 hoc
801 4303 895 4354 detivo
909 4301 1059 4366 significari
1074 4302 1205 4351 silentum
1220 4297 1387 4360 (Wirkung).
