3214 5022
332 539 349 593 2

296 729 426 793 prorsus
459 704 636 778 novaverit,
669 702 804 788 denique
837 725 934 786 quam
964 704 1029 766 late
1055 703 1155 767 dativi
1182 702 1299 780 finalis,
1335 703 1390 786 qni

297 809 425 883 dicitur,
453 824 530 869 usus
558 803 642 887 apud
667 825 739 866 eum
765 807 887 887 pateat.

371 907 455 974 Sunt
487 926 570 982 ver0,
605 904 660 986 qui
686 905 784 969 etiam
811 905 845 968 in
873 903 932 968 hac
959 905 1107 986 syntaxis
1133 901 1271 968 Taciteae
1297 909 1390 987 parte

295 1007 542 1075 elaboraverint.
595 1003 726 1070 Summa
759 1005 852 1069 laude
884 1005 1001 1088 dignus
1035 1007 1085 1067 est
1118 1001 1303 1089 Draeger,
1335 1005 1390 1088 qui

294 1111 378 1174 rein
400 1107 489 1171 brevi
517 1109 687 1189 conspectu
699 1107 804 1188 posita
830 1105 982 1183 docuerit,
1017 1125 1087 1187 quae
1111 1103 1242 1169 Tacitus
1257 1106 1390 1168 inomni

294 1208 508 1296 grammatica
533 1207 658 1270 ratione
684 1207 823 1271 maxime
841 1227 900 1270 sua
913 1205 1105 1288 propriaque
1117 1199 1284 1292 habeat¹).
1331 1204 1389 1271 Sed

295 1309 424 1395 singula
451 1309 559 1391 capita
586 1328 649 1370 uon
677 1308 832 1390 copiosius
852 1307 1094 1390 elegantiusque
1107 1307 1297 1388 exquisivit'
1327 1305 1390 1370 De-

294 1412 367 1476 inde
398 1447 438 1458 -
468 1413 505 1472 ut
531 1407 567 1472 de
595 1408 666 1473 aliis
693 1408 793 1472 doctis
819 1407 906 1484 viris,
939 1407 992 1489 qui
1020 1406 1053 1469 in
1081 1406 1216 1491 siugulis
1243 1406 1389 1490 partibus

293 1510 481 1576 elocutionis
516 1512 549 1572 et
582 1509 731 1592 syntaxis
766 1507 903 1572 Tacitese
934 1510 1011 1572 sunt
1036 1509 1166 1585 versati,
1194 1528 1259 1570 non
1285 1509 1388 1572 dicam

298 1651 338 1662 -
369 1615 477 1694 partes
505 1609 671 1690 quasdam,
707 1629 874 1692 quaecum
901 1629 950 1684 ea,
983 1629 1081 1691 quam
1108 1608 1159 1672 hic
1185 1609 1388 1674 tractandam

291 1713 383 1777 nobis
416 1709 601 1794 delegimus,
645 1709 849 1793 aliquatenus
879 1708 1048 1786 coherent,
1086 1712 1273 1774 tractarunt
1302 1708 1389 1772 Zer-

291 1805 414 1898 uial²)
441 1815 473 1874 et
498 1802 660 1895 Maue'³).

367 1911 449 1976 Tum
485 1909 672 1974 nominandi
707 1913 784 1974 sunt
818 1911 852 1987 ii,
888 1911 944 1996 qui
973 1905 1019 1973 'de
1054 1908 1114 1972 hac
1145 1909 1215 1992 ipsa
1241 1912 1389 1994 syntaxis

293 2013 403 2078 latiuae
434 2010 594 2094 particula
625 2014 684 2075 aut
713 2011 864 2076 universa
891 2015 949 2076 aut
974 2009 1058 2093 apud
1086 2009 1229 2094 singulos
1256 2013 1389 2093 scripto-

292 2135 342 2178 ree
378 2112 535 2196 copiosius
571 2116 717 2196 egerunt.
772 2111 820 2176 De
847 2133 883 2176 eo
909 2111 1009 2176 dativi
1036 2131 1107 2186 usu,
1143 2112 1198 2194 qui
1224 2114 1258 2175 in
1286 2112 1387 2176 verbis

292 2237 374 2279 ocrea
407 2236 479 2289 ease,
512 2215 640 2276 crimini
671 2213 748 2276 dare
770 2213 973 2296 conspicitur,
1009 2231 1107 2293 quam
1133 2211 1199 2275 late
1224 2214 1258 2276 iu
1284 2213 1388 2277 latina

293 2315 406 2399 lingua
432 2313 581 2378 universa
606 2313 737 2376 omnino
763 2316 876 2396 pateat
902 2311 1080 2396 quibusque
1105 2311 1223 2376 finibus
1254 2313 1387 2378 circum·

290 2415 462 2492 scribatur,
499 2413 589 2477 docte
623 2413 851 2497 eleganterque
878 2412 1025 2495 quaesitit
1050 2407 1206 2502 Robyq.
1261 2413 1308 2477 De
1334 2435 1387 2478 ea-

291 2514 362 2580 dem
397 2517 467 2600 ipsa
501 2535 535 2577 re
570 2516 604 2578 in
639 2512 847 2578 Ciceroniana
878 2513 1054 2578 etocutioue
1085 2513 1211 2596 copiosa
1242 2516 1386 2580 oratione

291 2615 419 2681 disserit
444 2610 710 2700 Nielcnder⁵).

369 2715 486 2782 Restat
513 2719 550 2779 ut
577 2717 686 2798 paucis
712 2736 920 2800 exponamus,
948 2735 1045 2798 quam
1073 2715 1160 2778 uiam
1179 2737 1216 2780 ac
1228 2717 1386 2781 rationem

291 2822 326 2885 in
360 2819 421 2884 hac
453 2817 626 2902 quastione
658 2817 796 2881 secuturi
828 2817 936 2900 sirpus.
992 2814 1134 2878 Primum
1160 2817 1261 2901 igitur
1286 2817 1324 2881 de
1350 2837 1386 2880 eo

291 2921 394 2986 dativi
428 2918 546 2993 finalis,
582 2919 636 2998 qui
671 2917 799 2990 dicitur,
835 2937 951 3001 genere
987 2937 1131 3000 agemus,
1165 2917 1247 2998 quod
1277 2920 1384 2982 minus

293 3024 368 3104 apte
400 3040 439 3082 ex
471 3023 582 3081 nostra
608 3017 733 3099 quidem
762 3017 925 3080 sonantia
951 3015 1009 3080 hoo
1034 3016 1164 3079 nomino
1193 3018 1383 3100 appellatur,

344 3249 366 3311 ¹)
384 3252 414 3300 A.
433 3251 596 3312 Draeger,
614 3248 706 3298 Ueber
724 3248 828 3311 Syutax
846 3249 902 3298 und
920 3247 972 3298 Stil
991 3249 1040 3298 des
1058 3249 1177 3300 Tacitus.
1201 3251 1302 3302 Zweitc
1315 3253 1381 3303 Aufl.

331 3336 341 3384 i
377 3337 383 3350 '
422 3335 495 3384 1874.

291 3338 415 3478 Leiiffligi.
433 3415 576 3476 Zernial,
603 3414 711 3466 Selects
738 3418 864 3481 quaedam
891 3417 984 3481 capita
1002 3433 1037 3468 ex
1055 3419 1178 3482 genetivi
1196 3433 1247 3470 usn
1265 3419 1381 3469 Taciteo.

291 3501 465 3552 Dissertatio.
501 3498 639 3562 Gottingae
658 3500 731 3550 1864.

340 3582 363 3644 ⁸)
384 3584 417 3632 Η.
436 3584 465 3632 G.
483 3582 582 3643 Maut,
608 3583 648 3632 De
675 3584 881 3648 praepositionis
908 3586 959 3634 'ad'
987 3600 1037 3634 usu
1061 3587 1182 3638 Taciteo.
1210 3587 1380 3638 Dissertatio.

289 3665 552 3720 Moenoirancoinrti
570 3666 644 3716 1810.

340 3750 364 3812 ’)
382 3751 415 3800 Η.
433 3749 457 3799 J.
476 3751 575 3812 Roby,
602 3751 785 3802 Adrammar
811 3753 841 3802 oi
866 3753 914 3802 the
937 3753 1007 3802 latin
1030 3754 1165 3817 langnage
1182 3756 1253 3806 trorn
1270 3757 1380 3807 Plautus

289 3840 319 3888 to
337 3834 491 3885 Suetonius.
510 3834 544 3883 11„
562 3834 669 3885 Second
687 3836 802 3886 edition
829 3837 945 3886 London
956 3837 1028 3886 1878.
1055 3837 1176 3900 Praisos,
1193 3853 1220 3902 p.
1229 3849 1381 3889 xxv-cvr.

343 3918 365 3980 ⁸)
383 3918 580 3978 Nteltnder,
598 3919 654 3969 Der
665 3919 792 3970 tactitive
809 3920 926 3971 Datim
944 3921 973 3970 in
992 3921 1046 3971 den
1058 3921 1271 3974 ciceronischen
1281 3923 1381 3974 Schrif-

290 4007 348 4054 ten.
367 4004 531 4066 Prcgramm.
565 4001 733 4054 Krotnschin
761 4005 833 4054 18⁷4.
872 4005 914 4054 lix
940 4005 1120 4056 annotatione
1138 4007 1256 4070 quadarn
1274 4023 1290 4058 a
1306 4007 1379 4058 xcu-

288 4101 365 4148 nerc,
391 4085 585 4136 Ansfflhflichs
608 4087 778 4138 Grammatik
804 4089 854 4138 der
879 4089 1076 4140 Latoiuischen
1101 4089 1231 4153 Sps-nahe.
1265 4092 1381 4142 zwsitsr

290 4171 377 4222 Band.
405 4170 552 4219 Hannover
570 4169 645 4227 1878,
661 4185 688 4232 p.
707 4172 765 4233 252,
789 4173 866 4221 iacta
884 4173 999 4236 cognovi
1025 4172 1142 4222 eundem
1159 4175 1246 4224 virum
1264 4175 1378 4225 alteram

289 4256 386 4306 harum
407 4253 587 4316 qnoestionnnr
604 4258 711 4316 partem
724 4269 812 4318 nuper
824 4255 957 4318 emisisse,
971 4269 1051 4318 quam
1066 4255 1161 4307 videre
1174 4258 1304 4308 mihinon
1313 4273 1376 4310 con·

288 4339 365 4404 tigit.
