3214 5022
340 517 357 586 l

296 701 515 776 transitivum,
546 699 606 762 illis
634 697 709 761 locis
737 696 776 760 ad
803 696 1026 779 explicandum
1053 695 1206 760 adhibitis
1234 695 1387 760 l'acilein·

297 801 494 884 telleguntur
520 800 649 882 ideoque
675 819 713 860 ex
745 797 783 860 iis
812 797 961 860 ridentur
987 797 1178 860 nrauavisse.
1218 795 1263 859 At
1290 797 1387 859 etiam

297 902 324 965 si
352 903 440 964 uobis
472 900 662 975 conceditur,
691 902 727 960 ut
754 919 792 960 ex
819 898 856 962 iis
884 897 1105 973 locutionibus,
1135 897 1167 960 iu
1196 897 1311 980 quibus
1338 897 1390 960 hic

296 1002 423 1066 dativus
449 1024 520 1066 cum
553 1001 646 1063 verbo
673 999 874 1062 substantivo
900 997 1115 1081 coniungitur,
1144 999 1178 1060 in
1206 998 1266 1060 bac
1294 1019 1389 1060 causa

297 1102 484 1186 explicanda
495 1101 739 1185 proficiscamur,
752 1099 887 1162 tortasse
901 1099 955 1162 alii
968 1098 1026 1162 loci
1037 1099 1135 1162 aliam
1145 1099 1389 1181 explicationem

298 1203 475 1267 admittunt
508 1202 558 1265 vel
583 1203 680 1265 ctiam
709 1201 885 1284 requirunt,
914 1221 1011 1282 quam
1037 1199 1077 1262 ob
1103 1221 1233 1263 causam
1261 1185 1390 1264 difficile

296 1308 346 1366 cst
371 1303 408 1366 de
435 1303 581 1366 omnibus
607 1303 681 1386 quid
710 1299 911 1364 iudicandum
926 1301 968 1362 sit
985 1304 1135 1365 statuere.
1176 1300 1236 1364 Est
1249 1300 1387 1383 quidem,

296 1408 334 1466 ut
359 1425 466 1467 omues
493 1404 574 1467 locos
602 1424 783 1486 percensere
811 1401 864 1464 vix
893 1401 1059 1481 possimus,
1087 1401 1142 1464 sed
1162 1403 1241 1464 satis
1256 1401 1318 1464 erit
1333 1401 1388 1464 bos

191 1589 193 1594 Ι
298 1503 379 1568 locos
406 1504 446 1568 ad
472 1526 583 1568 vocum
610 1503 859 1586 significationes
885 1521 1057 1584 earumque
1084 1501 1333 1584 discrepantiam
1355 1502 1388 1564 iu

297 1604 437 1669 diversas
464 1606 578 1669 classes
604 1604 803 1668 distribuisse
829 1607 861 1666 et
888 1603 920 1664 in
947 1623 1047 1664 unum
1065 1603 1113 1665 vel
1135 1602 1389 1666 alterumlocum

297 1706 498 1789 singularum
524 1695 673 1768 classium
699 1703 911 1787 inquisivisse,
940 1703 1002 1766 nisi
1024 1703 1089 1766 iam
1103 1725 1205 1786 pauca
1215 1702 1386 1766 sufficient.

297 1805 391 1869 Dicta
419 1806 551 1889 vulgata
577 1805 785 1887 proferamus.
826 1802 857 1868 Si
885 1803 1032 1867 dicimus:
1059 1804 1122 1868 boec
1143 1804 1268 1889 (literae,
1288 1803 1389 1866 histo-

297 1907 351 1969 riae
377 1907 577 1990 cognitioque
604 1927 719 1978 rerum,
749 1904 1077 1988 poetarumevolutio)
1092 1905 1170 1967 milei
1183 1917 1255 1968 snut
1277 1905 1389 1990 volup-

297 2009 356 2070 tati
390 2006 444 2088 (cf.
481 2005 542 2070 (lic.
572 2007 609 2070 de
636 2005 705 2070 irin.
735 2005 749 2069 1
779 2008 810 2079 7,
833 2005 906 2084 25),
937 2026 1001 2068 uon
1027 2005 1058 2068 id
1085 2004 1205 2068 dictum
1233 2005 1387 2082 volumus,

297 2107 362 2171 haec
389 2107 511 2188 (literas
538 2107 687 2171 historias
713 2114 831 2192 cetera)
859 2105 889 2168 id
916 2109 1069 2187 spectare,
1098 2113 1135 2168 ut
1163 2106 1328 2189 voluptate
1341 2127 1390 2168 me

297 2207 453 2284 afficiant,
489 2209 537 2270 vel
573 2207 687 2270 harum
714 2228 820 2270 rerum
842 2205 939 2268 finem
967 2208 1162 2287 propositum
1191 2227 1295 2270 meam
1322 2227 1390 2269 esse
1436 2197 1442 2206 ’

298 2309 505 2390 voluptatem.
556 2305 642 2371 Nihil
680 2307 764 2372 aliud
792 2307 925 2370 dicimus
951 2327 1062 2388 quam:
1090 2307 1164 2369 'haec
1191 2308 1390 2388 uoluptatem

297 2410 376 2472 mihi
412 2405 575 2485 afferunt',
611 2409 693 2490 quod
721 2429 760 2472 ex
796 2409 862 2470 loco
898 2406 951 2470 illo
986 2405 1191 2470 Ciceroniano
1218 2408 1390 2471 manifeste

297 2513 442 2592 apparet,
470 2531 568 2592 quum
595 2509 786 2572 antecedant
814 2507 909 2570 verba
937 2509 1015 2592 quid
1038 2509 1105 2584 tibi,
1134 2509 1297 2593 Torquate,
1312 2510 1390 2594 quid

296 2611 369 2673 huic
406 2611 531 2674 Triario
560 2610 666 2684 iiteroe,
696 2611 773 2696 quid
795 2610 932 2672 historice
956 2611 1151 2696 coquitioque
1173 2633 1288 2686 rerum,
1313 2611 1391 2695 quid

295 2721 459 2798 poetaram
486 2711 617 2775 evolutio
638 2759 645 2773 .
665 2760 672 2773 .
693 2759 699 2774 .
721 2760 727 2774 .
747 2711 916 2796 voluptatis
939 2709 1056 2797 adfert,
1078 2710 1194 2794 quibus
1222 2711 1325 2774 verbis
1351 2731 1390 2774 ea

296 2833 366 2894 quae
400 2815 577 2896 sequuntur
603 2813 681 2875 milri
707 2823 778 2875 suat
800 2811 955 2896 voluptati
977 2812 1215 2874 accuratissime
1242 2810 1390 2874 videntur

297 2913 494 2994 respondere,
522 2918 558 2975 ut
586 2912 763 2994 putandum
789 2913 832 2975 sit
859 2917 1031 2993 utrumque
1058 2911 1178 2974 dictum
1199 2912 1281 2974 idem
1301 2931 1390 2992 pror·

296 3033 350 3074 sus
377 3013 480 3074 valere
507 3011 676 3094 eodemque
703 3013 812 3075 redire.
867 3010 929 3074 Cic.
960 3031 1015 3090 pro
1037 3009 1144 3076 Plane.
1165 3011 1219 3084 10,
1237 3013 1281 3075 26
1297 3011 1390 3075 dicit:

297 3114 350 3176 cui
371 3135 480 3175 nemea
510 3135 611 3174 meum
634 3113 769 3175 absentis
791 3113 902 3175 horrori
918 3111 1048 3198 fuisset,
1070 3113 1099 3174 ei
1121 3134 1205 3174 meas
1222 3115 1390 3197 proeseutis

294 3235 402 3298 preces
424 3235 485 3275 nors
502 3223 600 3297 putas
617 3209 801 3299 profuisse?
832 3210 893 3274 Hic
920 3231 982 3273 non
1001 3209 1039 3274 de
1052 3210 1117 3274 fine
1131 3211 1279 3294 quodam,
1296 3233 1392 3296 quem

298 3333 413 3376 nomen
448 3312 603 3376 Ciceronis
638 3320 833 3395 sequeretur,
867 3312 992 3388 dicitur,
1021 3311 1074 3376 sed
1101 3312 1163 3375 duo
1194 3315 1391 3378 enuntiatio-

298 3414 349 3476 nis
375 3414 516 3477 membra
542 3413 698 3496 verbaque
725 3413 835 3476 bosori
856 3435 919 3478 esse
940 3417 973 3474 et
994 3415 1145 3498 prodesse
1171 3414 1257 3477 iuter
1283 3435 1316 3477 se
1342 3437 1391 3478 re·

297 3513 465 3594 spondent.
503 3511 583 3576 Tum
610 3517 659 3575 est
686 3514 769 3596 apud
795 3505 975 3596 Tacitum¹)
1011 3511 1074 3576 An.
1102 3511 1152 3576 lll
1168 3515 1263 3604 teu
1286 3516 1388 3578 deter-

298 3615 382 3676 rimo
408 3637 533 3699 qumque
563 3615 680 3700 inpune
702 3637 739 3677 ac
764 3614 864 3678 multe
885 3613 1012 3678 toaesta
1033 3617 1127 3678 esitio
1144 3615 1248 3702 foere.
1280 3595 1388 3680 ⁸Num

299 3829 392 3878 baberi
409 3829 444 3877 sl.
463 3834 526 3879 suut
544 3832 616 3893 apud
634 3832 766 3891 Plautum,
784 3847 838 3880 non
856 3832 923 3881 itcm
941 3831 1067 3892 ludibrio,
1087 3830 1229 3885 ἐφη-1111111110
1248 3847 1309 3894 esso,
1328 3834 1391 3886 huic

300 3912 341 3962 rei
366 3927 421 3962 non
446 3915 560 3962 multum
586 3915 762 3965 tribuendum
786 3919 829 3964 est
851 3915 990 3976 momenti,
1019 3929 1100 3978 quum
1117 3915 1214 3977 negari
1232 3931 1286 3966 non
1304 3919 1392 3980 possit

300 3995 384 4046 etism
403 3998 452 4048 hes
470 3999 623 4048 locutiones
641 3999 731 4050 Plauti
749 3998 920 4061 temporibus
938 3999 967 4049 in
986 4013 1037 4050 usu
1053 3998 1139 4048 tuisse
1158 4001 1187 4048 et
1203 3999 1391 4064 temtempes-

301 4082 434 4145 vulgstss.
468 4081 610 4132 Terentius
638 4082 708 4133 dicit
734 4083 849 4132 meliento
876 4097 938 4133 esse.
972 4085 1004 4134 In
1027 4083 1108 4146 longe
1131 4083 1256 4144 plurimis
1278 4085 1391 4138 vocibus

301 4166 436 4216 vetustior
454 4171 496 4216 est
513 4180 577 4216 usus
590 4166 667 4215 verbi
685 4167 860 4218 substantivi.
1373 4217 1384 4226 ‚

353 4245 376 4308 ¹)
394 4251 426 4299 In
443 4249 511 4300 locis
538 4250 658 4300 Tselteie
685 4250 836 4302 merendis
864 4251 967 4314 ubique
990 4251 1140 4301 editionem
1161 4252 1262 4302 Halmii
1280 4256 1391 4306 tertiam

302 4330 415 4398 (Lipsiae
434 4333 506 4394 lert,
526 4334 602 4394 rsit)
621 4338 729 4385 secutus
748 4350 815 4386 sum.
