3214 5022
1092 501 1228 557 -3'l

184 664 448 750 Syracusanorum
477 671 580 754 egredi
610 691 769 733 numerum
802 671 959 734 edendis
990 672 1276 756 gladiatoribus

176 768 303 854 finitum
327 770 556 851 permittebatur
582 791 647 853 eqs.
700 768 763 834 An.
791 767 852 834 XV
867 771 912 861 4,
945 772 960 833 l
994 771 1043 834 Ea
1064 775 1137 834 dum
1159 797 1178 834 a
1199 773 1275 837 Cor-

184 867 288 930 bulone
310 871 453 934 tuendoe
476 865 641 958 Surioe¹)
660 883 827 958 parantur,
848 893 915 954 eqs.
965 870 1027 936 An.
1056 872 1116 938 XV
1144 875 1177 950 9,
1207 875 1225 936 2
1250 887 1277 938 et

184 991 220 1030 ne
240 971 349 1054 ponti
371 973 561 1036 iniciendo
584 974 829 1058 impedimentum
852 973 970 1038 tortiles
992 987 1096 1038 turmae
1119 977 1278 1062 adferrent

184 1089 248 1152 uqa.
303 1068 364 1132 An.
392 1070 453 1137 XV
483 1072 538 1148 16,
557 1074 658 1160 8qrne
679 1085 710 1136 ut
732 1077 908 1157 augendae
930 1068 1135 1162 infamioe¹)
1158 1099 1277 1162 eampo·

184 1172 250 1245 sito,
283 1173 326 1233 sir
357 1173 474 1258 reliqua
507 1195 571 1258 eqS.
622 1173 686 1245 An.
715 1172 775 1238 XV
805 1173 860 1251 18,
891 1175 911 1238 4
939 1179 1062 1262 quinat
1090 1169 1278 1240 dissimu-

184 1269 310 1334 landis
332 1295 433 1336 rerum
455 1285 627 1340 usurarum
649 1276 752 1338 auris
775 1275 860 1338 Nero
874 1275 1180 1362 frumentumplrbis
1199 1289 1278 1340 vrtu-

183 1381 256 1434 state
277 1386 454 1459 corruptum
477 1377 509 1438 in
536 1376 666 1440 Tiberim
688 1364 755 1440 ierit
777 1397 842 1460 eqo.
861 1445 863 1450 ,
883 1376 945 1442 An.
975 1376 1036 1441 XV
1064 1379 1121 1455 44,
1147 1379 1166 1442 9
1192 1379 1278 1462 Erpa

183 1471 366 1538 erboleudo
393 1479 538 1540 rumori
567 1477 651 1542 Nero
673 1478 809 1540 subdidit
831 1501 897 1542 reos
919 1490 945 1542 et
966 1481 1186 1564 qeroeritissimis
1206 1503 1278 1564 poe-

184 1575 231 1635 uis
253 1574 374 1660 adfecit,
403 1600 477 1660 epiros
499 1597 565 1660 uqa.
619 1577 682 1642 An.
711 1575 772 1642 XV.
800 1577 857 1656 48,
892 1580 909 1642 7
936 1579 1080 1666 Namque
1093 1579 1278 1662 ¹freoundiurn

184 1677 338 1738 tuendis
366 1678 513 1740 nivibus
541 1679 705 1760 enarrabat,
729 1699 794 1762 eqs.
847 1677 911 1744 An.
939 1679 1000 1744 XV
1029 1682 1086 1758 69,
1117 1683 1136 1744 8
1166 1680 1280 1746 Cunatu

184 1797 216 1836 eo
239 1775 287 1838 die
310 1779 414 1840 menriu
436 1771 564 1842 aorrsulis
586 1781 761 1865 impleverat
783 1781 1281 1866 aaroniuiumquecelebrabat,nibil

185 1887 315 1938 metuens
337 1893 378 1940 an
400 1880 681 1944 dissimulando
709 1893 816 1957 metu,
839 1905 906 1944 aum
928 1903 994 1966 eqs.
1048 1881 1112 1946 An.
1140 1881 1218 1947 XVI
1247 1883 1278 1960 l,

185 1976 205 2038 9
229 1999 296 2060 quoe
314 2000 371 2060 per
393 1991 509 2044 tantum
532 1987 587 2046 reri
608 1981 718 2046 occidte
742 1985 926 2068 augendis
944 1986 1144 2070 pr'aeaeruibus
1167 1986 1279 2049 bonis.

185 2075 246 2140 An.
270 2075 348 2142 XVI
364 2081 395 2156 2,
414 2081 432 2142 5
448 2081 560 2144 duntur
582 2085 718 2146 triremes
730 2095 756 2146 et
767 2082 1082 2169 deteetnmremip'ium
1104 2087 1287 2148 irritandae

178 2175 483 2268 festinationi²).
528 2183 590 2248 An.
624 2182 702 2247 XVI
736 2185 768 2260 3,
799 2185 817 2247 'l
846 2197 1068 2272 repleanturque
1100 2211 1160 2250 non
1193 2187 1280 2250 modo

184 2279 293 2344 milites
319 2283 371 2346 sed
394 2283 528 2372 populns
556 2287 719 2369 aprestium
742 2287 949 2370 ejsioiendo
971 2289 1281 2374 operiiadsumptus

185 2403 250 2464 eqs.
305 2381 368 2446 An.
396 2383 474 2450 XVI
505 2385 559 2462 13,
592 2387 782 2452 14Eodem
812 2411 890 2450 antro
921 2387 1046 2453 ditentur
1067 2413 1125 2474 per
1147 2387 1281 2454 Galliam

274 2486 369 2550 babiti
390 2499 459 2550 sunt
480 2490 711 2575 supplendis
734 2489 869 2576 Illyricis
890 2489 1103 2573 legionibus
1126 2512 1207 2575 eqs.,

262 2583 331 2650 Iam
358 2609 457 2670 quum
484 2589 523 2654 ad
550 2589 606 2654 hos
633 2590 715 2654 loros
737 2589 977 2672 perlustrandas
1004 2592 1220 2676 aggredimur,
1250 2591 1281 2656 id

188 2688 325 2770 primum
353 2690 572 2754 annotandum
600 2698 648 2755 est
675 2713 713 2754 ex
738 2675 885 2754 omnibns
913 2691 963 2756 his
981 2692 1077 2770 loeis,
1106 2693 1140 2756 in
1166 2693 1282 2778 quibus

187 2790 228 2854 ab
254 2811 313 2852 usu
340 2792 480 2873 priorum
507 2793 695 2876 scriptorum
722 2792 865 2856 recedere
892 2793 1016 2856 videtur
1041 2791 1182 2872 Tacitae,
1205 2816 1283 2878 qno·

187 2913 258 2954 rum
285 2913 436 2957 numerus
470 2896 519 2956 est
545 2899 667 2978 septem
694 2897 726 2957 et
752 2895 973 2978 septuaginta,
1000 2917 1101 2960 unum
1128 2919 1195 2960 esse
1222 2897 1282 2960 mi·

187 3015 300 3058 norum
335 2995 536 3078 scriptorum,
575 2999 695 3078 septem
731 2991 958 3070 Historiarum,
996 2997 1135 3081 triginta
1170 2998 1282 3080 prioris

187 3094 363 3162 Annalium
398 3097 510 3180 partis,
547 3095 848 3181 undequadraginta
884 3098 1066 3180 posterioris
1101 3103 1144 3176 et,
1179 3101 1205 3164 si
1232 3120 1283 3164 eos

187 3195 281 3274 locos,
318 3196 350 3259 in
386 3197 501 3280 quibus
537 3200 649 3262 insunt
690 3195 784 3262 rerba
819 3197 978 3284 deligendi
1012 3199 1107 3264 eundi
1136 3199 1283 3265 mittendi

187 3289 320 3381 quaeque
355 3297 394 3361 iis
429 3303 505 3361 sunt
540 3299 668 3376 similia,
701 3299 890 3376 omittimnS,
918 3301 1081 3365 universos
1108 3301 1190 3366 looos
1217 3323 1284 3366 esse

188 3404 253 3462 tres
281 3403 313 3464 et
338 3399 565 3484 quadraginta,
593 3423 610 3464 e
638 3401 752 3484 quibus
784 3421 868 3464 unua
894 3404 943 3465 eet
970 3403 1128 3466 minorum
1151 3404 1284 3486 scripto·

188 3521 270 3578 rum,
299 3503 453 3584 quattuor
479 3499 707 3579 Historiarum,
735 3501 914 3585 quindecim
943 3504 1066 3586 prioris,
1093 3507 1159 3568 tres
1187 3509 1219 3569 et
1238 3504 1284 3568 vi-

188 3601 272 3685 ginti
287 3602 469 3685 posterioris
484 3603 586 3686 partis
602 3601 788 3694 Annalium.
817 3601 963 3686 Apparet
977 3605 1077 3690 igitur
1089 3603 1237 3670 Tacitum
1251 3606 1285 3669 in

189 3701 247 3766 hoo
280 3724 340 3767 usu
376 3703 541 3768 dilatando
580 3704 807 3788 pedetemptim
847 3725 1050 3790 progressum
1085 3727 1167 3784 esse,
1202 3706 1285 3792 quod

242 3900 265 3964 ¹)
283 3905 413 3956 Fortasse
431 3906 490 3955 hae
508 3906 593 3955 verba
611 3905 639 3955 in
657 3907 779 3969 genitivo
799 3921 863 3956 oasa
881 3907 973 3970 posita
990 3910 1113 3971 putanda
1132 3913 1201 3958 sunt

240 3985 263 4049 ²)
282 3989 416 4040 Videntur
444 3990 555 4054 quidem
580 3990 623 4039 hue
650 4005 731 4040 voees
754 3991 878 4040 iuranda
899 3993 1076 4053 festinationi
1094 3994 1130 4042 ad
1148 3995 1285 4056 portarius

190 4073 389 4124 enuntiationis
416 4076 564 4124 membrum
594 4075 746 4124 referendae
774 4089 841 4136 esse,
869 4081 961 4126 tamen
984 4093 1039 4126 non
1058 4092 1117 4126 aum
1136 4078 1285 4142 participio

190 4155 318 4204 detentum
344 4158 459 4220 propias
487 4157 689 4220 connectendae,
714 4159 762 4208 sad
782 4173 841 4208 aum
860 4163 919 4208 tota
938 4160 1128 4210 enuntiatione
1146 4163 1285 4212 artissime

190 4240 400 4304 coniungendae:
428 4241 528 4291 dantur
555 4241 657 4294 delecti
685 4243 803 4309 remiges
830 4258 862 4294 eo
886 4245 1009 4308 oonsilio,
1033 4231 1071 4294 ut¹
1085 4245 1228 4300 festinatio
1247 4247 1284 4300 iu·

189 4327 275 4374 vetur.
