3214 5022
365 465 408 524 ‚18

247 623 251 627 „
328 635 385 711 79,
417 635 461 698 14
494 636 568 698 usui
589 656 631 698 sc.
660 635 709 712 iis,
738 623 805 700 sive
830 635 869 700 de
896 634 1040 717 quolibet
1066 637 1115 700 est
1140 637 1270 716 dictum,
1298 645 1336 704 ut
1362 644 1426 705 mi·

325 737 435 801 raeuto
463 735 527 798 An.
556 735 603 798 IV
631 737 689 812 66,
720 737 753 812 8,
780 735 841 800 XV
869 737 927 812 42,
958 737 978 798 2
1007 739 1103 802 coitio
1129 738 1192 802 An.
1221 739 1270 804 ΙΙΙ
1298 742 1356 820 28,
1387 744 1422 806 6.

342 887 344 891 1
399 835 572 920 Cognitum
598 839 648 898 est
675 858 804 918 perraro
836 859 907 901 cum
935 835 994 899 boc
1019 836 1127 900 dativo
1153 841 1304 926 coniungi
1330 843 1425 928 geni--

323 937 426 1000 tivum
462 957 501 999 ex
536 935 645 1000 dativo
681 937 735 1000 illo
769 937 961 1020 pendentem
994 937 1044 999 vel
1070 941 1323 1020 praepositionem
1350 965 1420 1007 cum

324 1039 453 1100 nomine
485 1037 686 1119 insequente:
720 1039 754 1100 in
785 1037 856 1100 istis
888 1037 965 1101 locis
996 1035 1134 1101 Taciteis
1167 1061 1269 1124 neque
1294 1045 1425 1126 geneti-

323 1159 399 1201 vum
424 1158 560 1220 usquem
586 1137 694 1202 dativo
721 1137 927 1201 subiunctum
954 1159 1057 1221 neque
1083 1141 1337 1222 praepositionem
1364 1143 1421 1208 ad·

322 1238 424 1302 ditem
451 1239 641 1302 invenimus.

399 1338 469 1403 lam
503 1339 624 1420 pridem
660 1339 715 1402 alii
747 1338 1045 1402 animadverterunt
1071 1359 1124 1403 eas
1151 1362 1251 1419 voces,
1287 1365 1358 1426 quae
1383 1346 1417 1408 in

323 1439 383 1504 hoc
419 1439 519 1504 dativi
555 1462 615 1504 usu
646 1439 860 1521 reperiuntur,
896 1459 1005 1502 omnes
1041 1439 1089 1501 vel
1122 1462 1231 1506 omnes
1259 1443 1324 1507 fere
1351 1467 1422 1509 esse

323 1541 455 1604 nomina
488 1540 662 1617 abstracte,
696 1561 766 1622 quae
798 1543 963 1603 vocantur.
1022 1537 1180 1623 Namque,
1217 1548 1256 1607 ut
1286 1545 1417 1610 verbum
1505 1575 1508 1580 ·

323 1640 470 1716 afferam,
506 1661 566 1704 vox
599 1643 689 1705 cordi
710 1641 873 1724 propriam
901 1641 965 1703 vim
991 1641 1025 1704 in
1052 1640 1111 1704 hoc
1137 1663 1197 1705 usu
1224 1645 1415 1727 repudiavit.

320 1739 368 1804 De
394 1742 522 1804 vocibus
548 1744 674 1806 vestitui
695 1743 794 1804 victui
809 1743 915 1827 potui,
942 1762 1012 1826 quae
1037 1742 1164 1824 quidem
1191 1743 1233 1806 ab
1259 1745 1319 1809 huc
1346 1747 1419 1831 iege

319 1842 463 1906 recedere
490 1841 648 1919 videntur,
677 1863 779 1924 pauca
806 1842 893 1905 infra
920 1841 1070 1906 dicemus,

394 1940 476 2005 Tum
504 1945 632 2007 constat
658 1964 767 2006 omnes
793 1943 853 2006 has
880 1962 970 2006 voces
997 1964 1065 2006 esse
1091 1945 1264 2030 singularis
1279 1948 1415 2022 numeri,

316 2065 382 2125 qua
409 2043 443 2106 in
471 2065 505 2105 re
529 2041 661 2108 Tacitus
689 2047 828 2107 veterem
854 2064 947 2106 nsum
974 2045 1125 2108 servavit.
1179 2045 1261 2111 Sunt
1286 2048 1412 2128 quidem

316 2144 350 2206 in
378 2143 442 2206 fine
469 2144 629 2221 mutilato,
657 2148 694 2206 ut
722 2145 818 2228 uulgo
844 2147 990 2227 putatur,
1018 2144 1092 2208 libri
1119 2146 1275 2210 undecimi
1297 2146 1414 2209 Annu-

317 2244 395 2306 lium
423 2265 513 2307 voces
540 2245 667 2310 honesta
689 2247 825 2330 quidem,
855 2245 909 2307 sed
937 2267 974 2308 cu
997 2248 1067 2329 quis
1089 2247 1257 2309 deterrimo
1285 2267 1411 2308 oreren-

317 2357 368 2407 tur
390 2345 551 2429 [tristitiis
578 2345 704 2432 miultis]
738 2352 801 2408 An.
831 2343 878 2408 XI
906 2346 963 2421 38,
995 2346 1051 2422 13,
1079 2345 1132 2410 sed
1167 2367 1204 2408 ex
1230 2345 1280 2408 his
1317 2343 1409 2408 valde

315 2445 458 2509 obscuris
491 2446 594 2509 verbis
628 2445 747 2528 aliquid
781 2448 893 2508 contra
926 2467 1020 2509 usum
1052 2447 1192 2509 omnium
1220 2447 1411 2529 scriptorum

315 2545 490 2610 latinorum
518 2547 680 2630 ipsiusque
707 2545 811 2610 Taciti
839 2544 963 2610 dicendi
977 2568 1078 2630 genus
1097 2546 1412 2611 statuere-audacius

314 2669 391 2710 sane
419 2652 511 2711 esset.

390 2745 523 2812 Minoris
561 2749 713 2812 momenti
745 2752 795 2811 est
829 2769 931 2832 neque
965 2752 1074 2812 tamen
1109 2749 1235 2813 silentio
1260 2753 1410 2832 praetere·

313 2849 445 2925 undum,
460 2925 462 2930 A
479 2849 562 2932 quod
598 2849 760 2913 nonnullis
794 2849 869 2912 locis
901 2871 958 2932 pro
989 2849 1138 2924 subiecto,
1171 2848 1254 2933 quod
1280 2848 1406 2924 dicitur,

312 2951 383 3011 tum
397 2951 446 3011 est
461 2951 661 3012 accusativus
674 2971 746 3013 cum
761 2949 921 3013 infinitivo
936 2949 1132 3023 coniunctus,
1160 2947 1223 3011 An.
1245 2945 1292 3009 IV
1311 2949 1368 3024 66,
1387 2947 1407 3010 8

312 3047 465 3112 miraculo
501 3061 578 3123 erat,
610 3053 677 3110 tum
705 3049 887 3112 enuntiatio
913 3048 1111 3122 secundaria,
1139 3067 1208 3130 quae
1246 3046 1408 3110 inducitur

311 3149 533 3214 coniunctione
560 3149 616 3211 illa
644 3151 736 3233 quod,
763 3157 825 3212 An.
857 3147 934 3212 XIV
964 3148 1021 3220 55,
1051 3147 1094 3210 16
1123 3148 1202 3210 milei
1222 3147 1332 3210 rubori
1354 3159 1409 3224 est,

309 3252 403 3338 quod.
823 3265 828 3274 '

387 3351 550 3414 Postremo
576 3349 666 3413 nobis
693 3350 859 3414 dicendum
887 3354 937 3412 est
962 3350 1000 3412 de
1018 3349 1146 3412 vocibus
1164 3351 1288 3412 vestitui
1309 3351 1407 3411 victui

306 3455 409 3538 potui.
455 3451 521 3514 Hos
548 3451 672 3516 dativus
700 3472 771 3516 cum
799 3452 850 3528 iis,
870 3451 925 3532 qui
952 3450 1122 3514 manifeste
1141 3450 1292 3514 effectum
1304 3469 1404 3532 quen-

310 3553 384 3618 dam
412 3553 645 3628 demonstrant,
678 3573 748 3615 eam
777 3551 817 3616 ob
844 3573 975 3616 censam
1003 3551 1195 3634 coniungere
1221 3571 1284 3613 non
1312 3548 1404 3612 dubi-

310 3653 461 3730 tavimus,
489 3653 571 3736 quod
599 3653 707 3716 eodem
734 3653 825 3716 modo
852 3657 948 3738 utque
975 3653 1019 3716 illi
1048 3673 1121 3715 cum
1139 3651 1233 3714 verbo
1252 3649 1405 3714 snbstan-

309 3755 376 3818 tivo
413 3759 656 3818 connectuntur.
709 3753 829 3818 Contra
865 3775 902 3818 ea
939 3775 1002 3818 nou
1039 3752 1155 3816 dicitur
1190 3747 1278 3814 ’dono
1313 3747 1401 3826 esse',

310 3851 443 3920 'muneri
476 3851 563 3930 esse',
601 3855 718 3919 nedum
751 3853 917 3918 'domicilio
942 3851 1020 3918 esse'
1050 3891 1091 3900 -
1121 3854 1188 3915 doti
1209 3873 1272 3914 csse
1297 3855 1403 3936 poste·

309 3956 401 4020 rioris
436 3956 560 4020 videtur
586 3977 652 4020 esse
677 3956 793 4020 aetatis.
848 3954 896 4018 Ee
923 3959 1031 4020 nutem
1057 3952 1182 4017 ratione
1207 3952 1320 4016 ceteris
1348 3971 1402 4024 vo-

310 4057 398 4120 cibus
434 4062 511 4120 sunt
537 4056 716 4131 dissimiles,
744 4055 828 4138 qnod
859 4055 907 4118 bae
939 4076 1028 4120 voces
1060 4075 1123 4116 non
1150 4052 1315 4116 abstracte
1343 4071 1401 4114 no-

308 4158 398 4222 mina
447 4158 596 4220 videntur
639 4178 720 4230 esse,
769 4156 823 4220 sed
868 4159 1026 4220 concrete.
1097 4154 1143 4216 At
1188 4153 1324 4216 fortasse
1367 4151 1400 4215 in

307 4259 368 4322 hoc
406 4278 466 4322 usu
497 4259 635 4340 quodem
667 4257 759 4322 modo
789 4256 926 4322 medium
959 4255 1045 4320 inter
1078 4258 1251 4336 utrumque
1276 4256 1399 4316 tenent.
