3214 5022
1206 469 1222 517 9

250 636 404 702 Venimus
439 637 478 700 ad
513 661 566 702 eas
603 637 787 715 locutiones,
825 639 857 702 in
884 637 999 721 quibus
1026 635 1110 700 inest
1137 640 1267 698 vertum

177 739 391 814 transitivum,
420 739 456 800 ut
483 740 560 802 dam
582 741 693 803 ducere
715 740 827 803 tubere
848 751 973 802 vertere.
1012 735 1059 800 De
1078 737 1126 800 his
1145 735 1268 800 dicendi

178 840 345 924 generibus
373 839 438 902 iam
465 833 634 928 Hause¹)
657 841 822 926 ingeniose
848 831 1076 904 animadvertit
1102 837 1199 900 verba
1214 835 1269 898 illa

180 943 255 1004 dure
273 926 389 1004 ¹‹tucene
410 940 481 1002 sim.
509 940 589 1004 nihil
616 941 702 1006 aliud
722 963 790 1006 esse
808 942 871 1006 nisi
890 941 1152 1022 temperationem
1165 959 1271 1020 quan-

179 1042 251 1104 dam
277 1041 365 1104 verbi
391 1041 587 1105 substantivi
614 1065 687 1118 csse,
714 1065 779 1126 qua
804 1065 838 1106 re
865 1043 957 1106 tandi
980 1052 1094 1104 uertere
1120 1039 1201 1102 idem
1229 1038 1272 1100 sit
1329 1123 1331 1126 Ι

182 1151 278 1222 atque
306 1143 428 1204 credere
450 1143 499 1204 vel
526 1145 630 1206 dicere
655 1144 747 1207 tundi
768 1167 842 1212 csse.
875 1143 928 1206 Ita
955 1149 1106 1225 putamus
1132 1139 1273 1202 indicto

183 1241 386 1306 Ciceroniano
412 1243 575 1307 Summum
605 1245 730 1308 tandem
753 1246 785 1310 S.
809 1247 926 1310 Roscio
948 1245 1025 1306 citio
1047 1253 1075 1305 ct
1097 1241 1195 1326 σαίρω
1217 1241 1272 1302 dc-

184 1345 260 1408 disti
289 1343 421 1406 eandem
457 1344 560 1408 inesse
587 1349 780 1410 sententiam
810 1352 907 1430 atque
934 1345 961 1406 si
987 1343 1116 1406 dicitur:
1157 1339 1274 1404 'dixisti

184 1465 341 1508 summam
368 1445 495 1508 taudem
522 1445 552 1509 S.
575 1445 688 1510 Roscio
717 1449 793 1510 vitio
819 1452 852 1510 et
878 1447 978 1528 culpae
1004 1441 1080 1506 esse'
1104 1442 1152 1504 vel
1177 1438 1274 1504 'sum-

184 1567 269 1610 niam
301 1545 426 1608 laudem
462 1545 506 1626 (id
538 1547 619 1631 quod
648 1569 773 1612 summa
800 1552 850 1611 cst
876 1548 961 1636 laus)
987 1544 1017 1609 S.
1046 1543 1159 1607 Roscio
1187 1547 1275 1606 attu-

185 1647 258 1710 lisse
284 1647 398 1710 vitium
430 1652 463 1710 et
498 1646 645 1730 culpam'.
705 1648 789 1712 Dicit
816 1649 879 1712 cie.
914 1647 951 1712 ad
989 1645 1077 1710 Fam.
1105 1643 1137 1707 II
1167 1645 1223 1718 16,
1253 1643 1274 1704 3

185 1749 311 1811 Etenim
340 1751 469 1811 memini
497 1751 531 1811 in
558 1749 614 1814 hoc
638 1773 749 1835 yeneno
774 1751 911 1834 oleriani
940 1748 1066 1812 solitum
1094 1769 1156 1809 esse
1172 1745 1276 1832 sumi·

186 1848 296 1912 tionem
320 1860 461 1912 nostium
486 1851 522 1930 Q.
546 1851 764 1926 Hortensium,
787 1853 871 1936 quod
896 1872 1067 1934 numquam
1091 1846 1167 1910 balio
1191 1844 1278 1907 civiti

186 1949 388 2035 interfuisset.
433 1951 506 2014 Hoc
534 1963 642 2014 nostro
670 1952 741 2014 tuus
763 1955 823 2015 ecit
844 1951 1010 2025 illustrior,
1039 1949 1123 2034 quod
1145 1946 1195 2008 itti
1217 1947 1277 2007 tri-

187 2051 339 2112 buebatur
368 2053 520 2134 iynuuioe:
549 2055 587 2115 da
615 2054 704 2116 nobis
732 2055 767 2116 id
795 2054 973 2116 cuiatimum'
989 2073 1083 2136 posse
1104 2071 1166 2111 nou
1189 2047 1277 2109 urbi-

189 2163 264 2214 tror.
313 2150 387 2226 Quae
427 2152 522 2216 verbu
550 2154 596 2216 ita
622 2155 887 2236 interpretamur:
928 2152 1088 2234 putabant
1115 2149 1156 2224 in,
1194 2147 1276 2229 quod

186 2251 269 2314 bello
296 2252 379 2314 civili
407 2275 468 2316 uun
497 2254 698 2317 interfuisset
724 2253 927 2328 Hortensius,
956 2253 983 2315 ei
1010 2273 1076 2314 esse
1095 2247 1279 2334 ignominiae

187 2351 236 2415 vei
271 2353 431 2434 putabant
464 2354 522 2417 hoc
555 2355 582 2418 ei
597 2341 735 2418 ¹efficere
768 2355 976 2439 ignominiam
1010 2355 1031 2416 i.
1059 2375 1087 2414 e.
1117 2351 1174 2413 hoc
1209 2347 1278 2411 effi-

187 2474 265 2528 cere,
300 2461 336 2515 ut
363 2475 402 2516 ex
429 2457 591 2518 sententia
618 2457 734 2519 civium
760 2457 898 2540 ignavus
925 2458 1018 2529 esset,
1053 2453 1099 2516 vel
1128 2451 1186 2514 hoc
1211 2447 1280 2512 eiii-

188 2575 256 2618 cere
282 2576 353 2616 euin
380 2556 532 2638 ignavum
562 2551 679 2644 esse²).
991 2638 993 2641 .

263 2653 325 2717 Hic
364 2657 585 2720 annotandum
617 2665 666 2721 est
699 2658 738 2720 ad
771 2657 869 2721 verba
900 2657 956 2719 iila
983 2653 1166 2728 transitiva,
1199 2649 1281 2733 quod

187 2756 297 2832 sciam,
336 2777 398 2818 non
436 2758 571 2820 inveniri
608 2759 824 2821 accusativum
860 2779 917 2839 pro
952 2757 1061 2819 dativo
1091 2767 1283 2834 usurpatum

187 2857 249 2920 nisi
286 2857 318 2920 iu
345 2857 439 2921 dictis
466 2861 583 2922 donum
615 2861 706 2934 donc,
724 2860 826 2946 ferre,
857 2861 978 2920 mittere
1004 2856 1087 2930 sini..
1116 2873 1186 2935 quae
1211 2873 1282 2913 cum
1338 2879 1340 2882 ·

188 2957 312 3022 dicendi
339 2957 485 3022 formulis
513 2962 594 3024 dono
617 2962 703 3035 dure,
726 2963 868 3046 occipere
894 2959 964 3021 sim.
993 2956 1194 3027 conferimus
1230 2951 1283 3014 sed

188 3079 252 3141 qua
286 3059 413 3122 'ratione
450 3059 500 3122 hic
535 3060 662 3124 dativus
698 3063 779 3124 dono
813 3059 1020 3144 explicandus
1055 3058 1107 3133 sit,
1142 3052 1282 3117 dubitari

188 3163 302 3241 potest.
768 3236 771 3244 ,

268 3261 414 3326 Annotat
452 3255 620 3348 Schultz³)
656 3285 714 3345 pro
751 3284 796 3336 eo,
835 3261 917 3342 quod
950 3266 999 3324 est
1023 3259 1160 3344 atomum
1188 3255 1286 3318 alicui

194 3365 322 3426 crimini
343 3373 468 3437 uertere,
491 3384 733 3445 nonnumquam
754 3364 813 3426 dici
830 3361 969 3448 ytorium
987 3361 1085 3424 oticni
1111 3361 1144 3420 in
1168 3359 1285 3419 crimen

190 3477 317 3528 uestem.
366 3463 434 3526 Ium
462 3458 617 3551 Zumpt⁴)
645 3469 740 3548 putat
774 3465 825 3528 his
856 3463 949 3527 dictis
984 3461 1124 3524 diversas
1159 3457 1287 3520 subesse
1327 3535 1329 3540 ,

193 3565 453 3648 significationes.
509 3569 616 3648 Atque
652 3566 744 3629 facile
777 3565 975 3648 intellegitur
1007 3573 1122 3625 certem
1149 3562 1183 3622 in
1211 3579 1286 3620 mu·

251 3782 274 3843 ¹)
292 3785 408 3848 Reisig’s
426 3785 531 3834 Vorles.
550 3799 576 3848 p.
595 3785 652 3844 670,
671 3798 732 3832 aun.
751 3784 808 3831 546.

247 3867 269 3928 ²)
288 3870 448 3931 Nielauder,
467 3870 517 3918 der
534 3869 624 3918 factit.
660 3868 743 3918 Dstiv
769 3867 799 3915 in
826 3867 880 3914 deu
903 3865 991 3914 Oieer.
1009 3864 1084 3914 Schr.
1101 3877 1128 3926 p.
1147 3863 1187 3922 25,
1218 3859 1290 3910 dicit

193 3956 246 4006 hoc
274 3955 367 4004 dativo
393 3955 507 4016 tynucioe
534 3952 686 4016 significari
714 3965 832 4012 causam,
859 3963 907 3998 eur
933 3948 1096 3998 Hortensius
1118 3946 1192 3994 bello
1212 3943 1288 3993 civili

194 4055 250 4089 non
277 4039 458 4088 interfuisset.
494 4039 572 4087 Hanc
599 4035 803 4099 interpretandi
830 4033 965 4082 rationem
992 4033 1027 4080 ab
1053 4032 1105 4080 hoc
1132 4030 1220 4078 dativi
1238 4043 1288 4077 usu

194 4137 306 4186 prorsus
325 4121 472 4170 abhorrere
490 4137 545 4171 nou
563 4125 606 4170 est
624 4119 698 4182 quod
715 4133 849 4168 moneam.

248 4204 271 4268 ³)
290 4206 397 4255 Latein.
417 4205 600 4268 Sprachlehre
619 4201 633 4267 ξ
653 4205 709 4262 269,
728 4207 804 4252 Anm.
823 4201 865 4263 (in
884 4199 958 4262 fine).

248 4289 272 4351 ⁴)
291 4291 398 4340 liutein.
417 4291 534 4339 Gramm.
553 4287 568 4352 §
587 4290 644 4350 422,
663 4290 739 4336 Anm.
759 4286 800 4346 (in
818 4285 893 4346 flue).
