3214 5022
357 483 394 537 20

312 651 488 713 oeciderunt
518 649 715 716 oblectationi
745 649 940 735 (oculorum)
968 649 1050 712 idem
1078 649 1204 713 videtur
1230 671 1297 714 esse
1324 653 1408 735 quod

312 746 469 816 'cadentes
494 749 700 814 oblectationi
727 746 877 812 fuerunt.
932 749 1069 814 Dativus
1088 751 1287 816 oblectationi
1300 753 1334 816 in
1350 753 1407 817 hoo

311 872 371 913 usu
399 851 477 914 alias
504 850 639 914 inveniri
667 871 731 913 non
758 849 892 914 videtur.

386 949 450 1015 An.
478 950 525 1015 IV
554 952 584 1024 1,
617 950 659 1012 14
675 953 763 1014 cuins
778 950 838 1036 (rei
854 949 1017 1037 Romanae)
1031 953 1111 1036 poni
1133 956 1259 1017 esitio
1282 956 1408 1039 vipoit

312 1053 545 1136 ceciditque,
576 1073 645 1134 quae
670 1051 766 1115 verba
794 1050 931 1115 fortasse
957 1052 1039 1116 idem
1066 1055 1144 1116 sunt
1170 1057 1267 1135 atque
1294 1049 1336 1118 'et
1361 1057 1409 1118 vi·

311 1173 390 1236 gens
418 1153 537 1238 (vivus)
564 1157 597 1215 et
623 1151 737 1215 cadens
764 1149 936 1239 (mortuus)
964 1151 1060 1216 exitio
1087 1149 1176 1216 erat'.
1217 1154 1277 1218 Sed
1298 1155 1408 1220 dehoo

313 1254 378 1315 loeo
404 1253 614 1318 dubitandum
642 1256 701 1316 est.
755 1251 862 1316 Minus
888 1256 998 1316 tamen
1025 1254 1186 1338 genitivus
1201 1255 1408 1320 eutosofien·
1470 1263 1472 1270 '

311 1353 358 1439 dit
390 1375 486 1436 quam
521 1354 710 1418 adieetivum
731 1355 820 1440 pari.
872 1353 949 1417 Otto
977 1353 1018 1416 ad
1045 1354 1077 1416 h.
1106 1355 1128 1416 1.
1159 1355 1235 1418 dieit
1261 1356 1409 1420 Tacitum

312 1457 476 1537 poetarum
514 1477 599 1518 more
639 1454 689 1518 hio
715 1455 859 1518 dativum
896 1456 991 1518 esitio
1024 1476 1082 1536 pro
1114 1477 1160 1532 eo,
1190 1458 1272 1538 quod
1299 1462 1349 1522 est
1375 1461 1410 1521 in

311 1557 443 1618 esitium
470 1555 517 1618 vel
533 1558 576 1618 od
598 1557 738 1631 esitium,
754 1555 926 1637 scripsisse.
968 1553 1084 1618 Nonne
1100 1577 1156 1637 pro
1170 1557 1311 1622 ablativo
1326 1559 1409 1622 modi

312 1655 495 1738 accipienda
530 1660 607 1720 sunt
643 1656 738 1719 verba
758 1658 839 1742 pari
860 1653 979 1721 esitio?
1018 1655 1209 1722 (tonsoratur
1236 1658 1303 1722 Liv.
1332 1657 1409 1723 XXI

314 1757 357 1819 35
383 1756 482 1819 saltus
504 1755 590 1819 haud
611 1759 677 1820 sine
699 1757 797 1833 clade,
818 1759 936 1820 maiore
959 1768 1061 1820 tamen
1085 1759 1291 1822 iumentorum
1314 1784 1409 1844 quom

313 1857 473 1920 hominum
489 1859 642 1942 pernicie,
665 1869 839 1942 seperatus.

388 1955 451 2020 An.
481 1956 544 2020 XII
574 1958 629 2034 14,
661 1960 704 2021 18
732 1963 835 2044 Atque
857 1957 910 2022 tlte
932 1982 994 2022 non
1011 1961 1231 2044 propinquum
1356 1963 1409 2024 in-

312 2059 597 2144 desponsantibus
620 2061 733 2122 decisis
759 2062 889 2122 vivere
917 2061 1010 2134 tedet,
1038 2062 1211 2122 ostentui
1243 2061 1410 2124 clementie

312 2182 376 2222 euae
406 2171 434 2222 et
464 2161 498 2222 in
529 2183 585 2223 nos
616 2160 971 2234 dehonestamento,
1003 2157 1085 2241 qnod
1118 2160 1165 2222 ite
1192 2153 1407 2242 intellegimus

313 2256 429 2322 'vivum
470 2281 537 2322 esse
576 2256 725 2322 ostentui
768 2281 832 2342 eqs.
896 2258 1225 2348 Animadvertendum
1271 2263 1319 2322 est
1358 2259 1408 2323 hio

313 2361 460 2424 accedere
474 2363 518 2428 ,et
543 2360 722 2442 genitivum
749 2363 782 2422 et
808 2359 1072 2442 praepositionem.
1125 2358 1408 2424 Detonestamento

311 2466 360 2524 est
385 2459 560 2526 Tacitenm.

387 2566 449 2624 An.
479 2559 539 2624 XV
568 2564 625 2637 29,
658 2561 700 2624 16
729 2565 772 2624 At
794 2585 876 2623 notae
898 2582 1001 2623 versos
1014 2583 1121 2622 oastts:
1143 2562 1295 2623 iturum
1323 2561 1409 2623 'ltet-

312 2664 406 2730 daten
428 2666 600 2726 ostentui
619 2663 815 2746 pentibus,
845 2673 961 2748 quanto
984 2663 1089 2724 minus
1111 2684 1206 2747 quam
1229 2658 1410 2747 captivom?

312 2762 420 2826 Verba
455 2765 574 2826 iturum
605 2766 739 2827 ostentui
766 2765 910 2848 pentibus
941 2761 1022 2824 idem
1055 2761 1204 2825 videntur
1230 2784 1297 2826 esse
1327 2761 1410 2845 quod

313 2861 450 2927 'euntem
480 2863 546 2928 fore
572 2865 712 2928 ostentui
739 2857 909 2947 gentibus'.
1092 2931 1094 2937 ,

388 2963 429 3026 Η.
470 2963 502 3027 ΙΙ
533 2965 588 3042 14,
619 2967 638 3026 2
667 2968 702 3028 ni
724 2967 870 3028 victorem
899 2963 1068 3026 sternitum
1096 2965 1273 3026 attinuisset
1300 2964 1411 3026 obseu-

313 3089 384 3127 rmn
407 3067 516 3139 noetis,
539 3067 712 3129 obtentui
727 3066 988 3152 fugitantibus.
1041 3061 1172 3126 Heraeus
1199 3063 1246 3125 ite
1272 3063 1411 3146 explieat

314 3161 404 3249 'quod
438 3167 583 3229 obtentui
617 3165 815 3248 fugientibus
842 3160 931 3229 erat'.
983 3161 1077 3244 Roby
1104 3163 1180 3226 dioit
1207 3163 1332 3226 dativos
1360 3163 1411 3228 hie

313 3288 381 3330 esse
408 3267 441 3331 in
468 3266 534 3328 loeo
560 3267 779 3349 appositionis.
829 3266 969 3342 Quorum
982 3269 1154 3347 utrumque
1169 3264 1305 3346 quodam
1320 3263 1411 3328 modo

315 3368 414 3450 aooipi
455 3370 570 3448 potest,
611 3366 665 3429 sed
700 3367 776 3430 illud
813 3365 1007 3430 sententiam
1048 3368 1178 3428 tantum
1210 3365 1324 3441 reddit,
1352 3365 1410 3428 hoe

315 3468 472 3532 rationem
503 3468 736 3551 interpretandi
768 3489 833 3530 non
864 3465 972 3530 affert.
1028 3461 1122 3528 Hand
1154 3466 1218 3529 seio
1245 3489 1287 3530 an
1314 3465 1411 3529 intel-

316 3567 485 3652 legendum
512 3569 556 3632 sit
583 3568 796 3652 perticipium,
824 3567 906 3651 qnod
934 3571 982 3630 est
1009 3565 1058 3630 ὄν.

392 3672 455 3731 An.
484 3667 544 3733 XV
572 3671 629 3746 27,
659 3669 678 3732 6
707 3669 805 3731 multa
826 3669 982 3733 Romanis
1004 3669 1151 3742 secunda,
1169 3667 1411 3752 qooedamPao·

318 3770 378 3833 tto
401 3773 542 3845 evenisse,
566 3773 790 3834 documento
813 3772 962 3832 adversus
984 3768 1174 3852 superbiam.
1215 3766 1307 3851 Roby
1327 3767 1411 3830 huno

317 3871 420 3934 locum
454 3870 561 3932 eodem
597 3870 687 3934 modo
722 3875 818 3952 atque
852 3869 1029 3951 proximum
1058 3867 1207 3947 explieat.
1263 3867 1409 3932 Fortasse

316 3970 495 4054 putandum
509 3975 556 4033 est
583 3971 616 4034 in
643 3971 738 4034 verbo
765 3974 898 4034 evenisse
911 3971 1014 4033 inesse
1026 3967 1158 4032 verbum
1173 3968 1410 4034 substantivum

318 4072 367 4134 vel
381 4073 499 4153 'potius
514 4069 608 4135 simul
623 4071 813 4136 audiendum
825 4075 874 4134 est
888 4069 1092 4154 participium
1104 4068 1190 4132 verbi
1205 4070 1410 4133 substantivi.

395 4171 490 4235 Mitto
516 4173 635 4236 veriam
664 4172 830 4236 lectionem
858 4169 899 4234 H.
928 4170 943 4234 1
973 4173 1029 4243 78,
1060 4169 1079 4230 5
1109 4192 1189 4232 nova
1220 4173 1293 4233 iura
1326 4170 1412 4256 Cop-

313 4275 461 4360 padoeioe
483 4272 605 4359 (dedit),
629 4295 710 4337 novo
732 4273 863 4361 Africo,
887 4272 1058 4337 ostentui
1079 4273 1181 4354 magiis
1203 4295 1297 4356 quam
1319 4295 1412 4335 man-
