3214 5022
341 512 377 566 10

293 679 406 745 tandi
432 680 696 764 significationem
724 669 844 746 habere
869 681 902 743 in
929 678 1108 753 sententiis,
1136 683 1173 740 ut
1199 683 1276 742 suut
1297 677 1337 742 H.
1354 678 1387 742 II

296 782 353 858 42,
386 781 401 843 l
438 785 598 846 Attonitus
625 784 727 847 subito
757 794 874 846 terrore
896 792 1010 844 mentes
1030 779 1155 866 falsum
1176 781 1330 864 pendium
1352 783 1386 843 io

293 882 476 966 dampnorum
498 885 599 958 vertit,
623 882 664 946 H.
679 882 739 958 111,
758 884 815 958 86,
834 884 851 945 7
882 885 984 944 iuerat
1011 891 1114 942 tameo
1137 880 1327 966 simplicitas
1349 905 1386 944 ac

293 982 478 1057 liberalitas,
502 1005 578 1068 qaeu,
601 987 637 1047 ni
658 986 744 1047 adsit
764 985 886 1058 modas,
909 983 944 1044 in
966 983 1096 1046 esitium
1118 992 1290 1057 natantur,
1320 980 1383 1045 An.

293 1083 309 1146 Ι
338 1084 395 1157 51,
428 1084 469 1146 18
494 1097 704 1170 properarent
726 1084 853 1169 culpam
875 1086 910 1147 in
933 1085 1174 1158 decusserim,
1196 1081 1297 1145 Aul
1327 1083 1384 1157 73,

298 1184 339 1246 ll
376 1207 438 1247 icoo
470 1187 540 1248 ideo
562 1187 719 1250 decretam
746 1187 840 1270 patri
861 1207 915 1248 saio
946 1183 1064 1259 calam,
1098 1194 1132 1246 ut
1160 1185 1194 1244 io
1211 1185 1386 1267 perniciem

292 1287 408 1348 ciuium
430 1287 459 1348 is
480 1286 578 1350 tooor
599 1297 777 1350 uerteretur.

367 1385 521 1460 Quoniam
558 1387 596 1450 de
630 1386 865 1470 significatione
899 1384 994 1448 huius
1029 1383 1130 1447 dativi
1165 1383 1381 1458 disseruimus,

292 1508 393 1568 pauca
419 1485 556 1550 dicemus
583 1488 620 1550 de
648 1488 813 1551 nominc.
869 1485 917 1548 Ex
943 1487 993 1559 iis,
1022 1505 1092 1568 quae
1118 1484 1182 1547 iam
1209 1484 1386 1568 disputavi-

291 1608 373 1663 mus,
406 1586 554 1661 efficitur,
595 1593 631 1651 ut
659 1609 774 1652 nomen
801 1586 909 1650 finalis
935 1586 1037 1650 dativi
1067 1606 1266 1668 nequaquam
1294 1584 1385 1650 adhi-

293 1687 429 1751 bendum
465 1689 517 1762 sit,
555 1709 654 1770 quum
690 1688 742 1752 hic
768 1688 897 1752 dativus
924 1687 1054 1750 minime
1082 1685 1198 1749 indicet
1224 1685 1381 1769 quendam

190 1851 191 1854 ,
293 1787 389 1850 finem
417 1787 463 1850 vel
491 1789 648 1872 quoddam
674 1789 851 1853 consilium.
905 1785 1016 1870 Neque
1044 1788 1151 1870 aptius
1177 1786 1303 1850 videtur
1329 1807 1385 1850 no·

292 1909 364 1952 men
401 1889 604 1970 praedicativi.
639 1911 739 1974 quum
775 1889 815 1955 ad
848 1889 1053 1972 praedicatum
1067 1885 1290 1970 supplendum
1315 1888 1386 1970 qui·

296 1988 367 2051 dem
393 1988 594 2067 adhibeatur,
623 1991 677 2055 sed
704 2013 768 2055 uon
796 2011 852 2073 pro
879 1989 1081 2074 praedicativo
1101 1989 1199 2070 accipi
1220 1989 1319 2070 possit
1336 1989 1384 2052 vel

295 2087 376 2152 idem
414 2090 520 2154 valeat
555 2095 654 2173 atque
679 2114 793 2156 nomeu
830 2092 863 2153 in
900 2090 1097 2154 nominativo
1124 2088 1173 2150 vel
1201 2091 1382 2153 accusativo

294 2211 351 2272 pro
378 2190 579 2272 praedicativo
614 2193 764 2274 positum.
819 2191 866 2258 ld.
908 2189 991 2273 quod
1031 2187 1204 2253 Nieliinder
1230 2195 1383 2273 usurpat,

296 2311 411 2354 nomen
448 2291 584 2355 sactitivi
619 2292 781 2356 obscurius
818 2291 943 2354 videtur
979 2312 1080 2373 neque
1115 2287 1385 2370 significationem

293 2391 342 2454 vel
376 2413 470 2454 usum
503 2394 683 2456 accuratius
717 2392 878 2475 exprimit.
933 2377 1034 2472 Atqui
1061 2392 1141 2454 satis
1168 2395 1302 2472 apparet
1329 2413 1385 2454 uo·

292 2512 361 2554 meu
396 2492 498 2574 ipsum
527 2515 566 2556 ex
592 2515 640 2562 ea.
668 2515 739 2576 quse
764 2493 859 2557 huius
886 2492 986 2556 dativi
1013 2496 1072 2567 est,
1103 2493 1132 2554 vi
1160 2512 1196 2554 uc
1223 2491 1385 2575 siguifica-

290 2593 378 2656 tione
405 2614 472 2656 esse
498 2594 698 2657 sumendum.
743 2594 846 2670 Quam
873 2593 913 2656 ob
939 2614 1081 2669 causam,
1118 2613 1217 2675 quum
1245 2593 1302 2656 hoc
1328 2593 1385 2656 da·

289 2693 357 2756 tivo
383 2694 521 2758 maxime
547 2695 682 2759 eftectus
716 2695 846 2778 quidam
874 2694 1084 2778 significetur,
1114 2694 1315 2776 aptissimum
1338 2695 1385 2757 vi·

289 2794 383 2857 detur
411 2817 482 2857 eum
508 2795 682 2859 dativum
709 2797 883 2860 effectus
911 2795 1082 2877 appellare.

365 2893 514 2977 Sequitur
540 2900 577 2959 nt
602 2898 714 2978 paucis
741 2898 927 2969 indicemus,
957 2896 996 2958 ad
1023 2917 1119 2977 quam
1147 2896 1302 2959 rationein
1317 2915 1385 2958 om·

291 3015 346 3057 nes
383 2995 474 3070 locos,
503 2999 536 3058 in
562 2996 676 3078 quibus
705 2997 755 3059 hic
781 2998 910 3060 dativus
938 2995 1070 3058 effectus
1098 2995 1192 3072 inest,
1227 2994 1384 3059 distribu-

291 3094 356 3158 turi
383 3095 492 3158 simus.
532 3095 673 3158 Primum
702 3096 804 3178 igitur
832 3116 963 3180 agemus
989 3094 1027 3158 de
1054 3096 1102 3168 iis,
1132 3096 1164 3158 in
1192 3096 1308 3179 quibus
1336 3096 1384 3160 vel

290 3194 409 3279 legitur
444 3195 492 3258 vel
529 3195 623 3258 simul
658 3195 790 3259 auditur
824 3194 955 3259 verbum
990 3195 1238 3259 substantivum.
1294 3194 1385 3260 Nihil

293 3295 378 3358 enim
405 3315 490 3372 curu,
521 3296 648 3359 verbum
676 3319 740 3360 csse
765 3297 921 3379 scriptum
940 3296 1036 3360 sitan
1053 3295 1256 3373 audiendum,
1286 3319 1384 3379 quum

288 3394 436 3461 Tacitum
469 3397 547 3460 illud
581 3397 768 3462 vocabulum
800 3397 972 3480 saepissime
1008 3397 1106 3459 etiam
1134 3399 1166 3461 in
1192 3398 1386 3462 secundariis

291 3497 566 3562 enuntiationibus
601 3498 745 3562 omisisse
779 3498 859 3562 satis
894 3501 1029 3562 antistet.
1085 3496 1207 3562 Deinde
1242 3497 1279 3562 de
1310 3497 1386 3562 locis

290 3595 481 3680 quibusdam
507 3598 708 3674 disseremus,
741 3599 774 3662 in
802 3598 918 3681 quibus
947 3607 1004 3662 aut
1031 3620 1087 3681 pro
1113 3599 1209 3662 verbo
1235 3597 1387 3664 substau-

289 3699 357 3760 tivo
383 3698 623 3763 intransitivum
652 3699 782 3763 verbum
809 3703 858 3762 est
886 3705 943 3762 aut
970 3699 1097 3762 dativus
1125 3699 1256 3762 effectus
1276 3699 1308 3762 in
1330 3721 1387 3783 ap-

290 3798 456 3882 positionis
482 3799 548 3862 loco
574 3800 695 3884 positus
723 3800 858 3876 videtur,
893 3801 947 3881 qui
976 3799 1103 3880 quidem
1131 3800 1189 3862 toci
1216 3821 1288 3864 cum
1315 3822 1387 3884 pro-

291 3900 386 3963 ximis
413 3900 574 3964 artissime
600 3900 769 3966 cuhaerent.
808 3899 889 3964 Turn
918 3901 941 3964 ii
968 3901 1026 3964 loci
1054 3900 1209 3964 afferendi
1237 3906 1324 3975 sunt,
1351 3901 1384 3964 iu

291 4000 409 4082 quibus
435 4006 485 4065 est
511 4001 640 4066 verbum
669 4002 877 4066 transitivum
904 4003 982 4066 dare
1004 4003 1116 4064 ducere
1138 4001 1249 4065 tatere
1271 4011 1386 4066 vestm

294 4100 366 4164 sim.
407 4099 570 4165 Postremo
596 4102 634 4165 de
660 4101 777 4166 dativis
805 4103 929 4167 anxilio
947 4103 1102 4190 prasidio
1126 4103 1268 4166 subsidio
1294 4123 1386 4184 sepa·

294 4203 390 4266 ratim
425 4201 574 4276 dicemus,
605 4224 676 4288 quae
701 4225 772 4268 cum
800 4202 904 4268 verbis
932 4201 1027 4268 eundi
1055 4203 1203 4268 mittendi
1229 4203 1301 4266 sim.
1329 4224 1386 4266 sae-

294 4304 423 4386 pissime
454 4304 603 4390 coniungi
635 4305 838 4370 notissimum
868 4309 929 4370 est.
982 4302 1030 4366 De
1062 4303 1180 4368 dativis
1206 4305 1287 4368 dono
1318 4327 1388 4368 ma·
