3214 5022
1180 475 1218 528 lo

168 633 295 724 Roby¹)
325 637 425 706 affert
451 637 548 702 verba
574 625 730 703 Varronis
757 638 832 704 Lm.
860 640 879 722 ἕ
909 640 976 704 132
993 643 1123 706 amictui
1134 645 1264 721 dictum,

87 757 89 762 ·
169 743 248 828 quod
281 741 468 805 ombiectum
498 751 552 816 est,
584 741 684 803 idest
707 742 947 817 circumiectam,
970 756 1002 806 et
1028 741 1151 808 confert
1176 744 1262 809 diota

168 842 295 926 anglica
323 839 352 904 'a
379 836 484 922 wrap',
513 835 542 903 'a
569 838 830 919 throw·around',
859 835 888 906 'a
913 846 972 924 put
991 840 1052 921 on'‚
1068 844 1182 926 quibus
1197 845 1264 910 dic-

166 942 208 1006 tis
236 942 370 1028 anglicis
397 941 462 1006 haec
490 941 610 1006 suetica
638 943 756 1026 optime
785 943 933 1006 videntur
951 945 1138 1025 respondere
1153 943 1263 1032 'uiget

168 1048 217 1106 att
251 1044 347 1108 kasta
378 1041 528 1125 omkring
555 1040 625 1127 sig',
654 1043 765 1128 'nagot
792 1048 843 1108 att
869 1047 957 1108 sitta
983 1044 1026 1130 pd
1052 1043 1121 1130 sig'.
1174 1047 1262 1123 Quod

168 1145 193 1206 si
220 1145 267 1208 ita
300 1148 359 1220 est,
392 1143 489 1206 verba
515 1143 572 1208 illa
587 1144 701 1232 ¹latina
728 1144 864 1209 tortasse
890 1146 938 1210 ita
964 1147 1148 1230 accipienda
1174 1157 1261 1225 sunt,

168 1249 203 1307 ut
230 1249 377 1328 putemus
405 1267 467 1308 esse
491 1247 630 1321 amictui,
652 1247 776 1308 vestitui
798 1246 880 1308 idern
908 1267 974 1310 esse
1001 1249 1084 1330 quod
1112 1245 1188 1312 'esse
1205 1271 1265 1332 pro

168 1346 294 1422 amictu,
324 1343 466 1422 vestitu',
497 1343 572 1408 'esse
599 1367 662 1429 quo
687 1348 758 1430 quis
785 1369 818 1412 se
837 1344 987 1412 amiciat'.
1028 1347 1139 1432 Neque
1152 1355 1263 1416 tamen

167 1447 212 1510 ita
249 1447 350 1510 dativi
384 1468 460 1509 usus
497 1449 531 1510 in
566 1446 616 1510 his
651 1447 864 1512 locutionibus
899 1448 1108 1534 intellegitur.
1162 1451 1264 1534 Atqui

166 1569 254 1612 voces
283 1549 415 1611 amictus
445 1550 660 1614 circumiectus
689 1551 810 1614 cibatus
839 1551 965 1631 proprie
991 1551 1058 1616 sine
1085 1551 1180 1616 dubio
1207 1554 1264 1618 ab·

168 1653 291 1712 stracta
317 1650 448 1714 nomina
475 1653 552 1712 sunt
580 1655 611 1712 et
638 1653 795 1714 actionem
815 1650 1010 1734 significant,
1023 1674 1120 1735 quam
1133 1654 1173 1716 ob
1186 1675 1262 1718 cau·

168 1770 237 1812 sam
262 1749 441 1832 putandum
469 1755 518 1814 est
544 1751 599 1814 illa
627 1754 766 1828 ornicum,
790 1753 1011 1830 circumiectui,
1034 1755 1151 1818 cibatui
1167 1779 1261 1822 ossea

168 1851 321 1934 principio
357 1850 439 1914 idem
471 1875 538 1916 esse
573 1853 656 1934 quod
694 1851 864 1930 amictum,
901 1855 1148 1932 circumiectum,
1176 1858 1263 1922 ciba-

169 1955 236 2014 tum
278 1951 404 2028 afferre,
439 1952 572 2028 efficere,
608 1951 765 2036 praebere'.
819 1954 866 2018 De
892 1957 1004 2020 ceteris
1031 1956 1124 2021 huius
1152 1959 1262 2023 classis

169 2053 306 2128 vocibus
335 2075 404 2136 quae
431 2060 508 2120 sunt
522 2058 647 2120 vestitui
669 2057 796 2120 indutui
818 2060 936 2141 (perere
957 2055 1048 2147 Tac.)
1066 2062 1264 2146 victuipotm'
1298 2115 1300 2119 .

170 2153 237 2217 cibo
266 2149 423 2230 alimento,
454 2162 512 2222 ant
546 2159 657 2240 aliqua
683 2179 722 2220 ex
750 2162 841 2238 parte
877 2159 958 2222 idem
985 2159 1188 2224 iudicandum
1215 2165 1266 2224 est

168 2260 224 2316 aut
260 2255 299 2320 ad
336 2257 479 2337 priorum
516 2261 672 2325 dictorum
712 2259 955 2326 similitudinem
987 2260 1053 2323 haec
1079 2259 1164 2328 dicta
1191 2271 1265 2325 orta

166 2375 233 2418 esse
261 2377 449 2429 censeamus
481 2366 617 2444 oportet.
670 2361 739 2437 Qua
766 2361 799 2424 in
826 2361 1059 2444 interpretandi
1085 2363 1209 2426 ratione
1234 2364 1262 2426 si

167 2457 242 2537 quid
269 2459 336 2522 veri
363 2460 458 2537 inest,
496 2467 631 2545 apparet
657 2463 716 2527 has
743 2463 916 2528 locutiones
944 2461 984 2526 ad
1011 2462 1102 2538 alias,
1129 2463 1167 2526 de
1192 2464 1266 2546 qui·

168 2556 225 2625 bus
253 2559 304 2627 hic
331 2558 480 2641 diximus,
509 2566 763 2648 quamproxime
778 2563 923 2628 accedere
935 2563 975 2626 ob
987 2584 1120 2646 eamque
1133 2585 1265 2628 causam

169 2676 242 2726 cum
271 2663 309 2728 iis
338 2662 499 2728 artissimo
527 2666 652 2729 vinculo
679 2687 747 2730 esse
774 2664 1021 2749 coniungendae.

168 2929 197 2991 2.
242 2926 286 2996 oo
316 2927 426 2997 dativo
455 2927 613 3014 effecius,
643 2929 695 3014 oui
725 2927 775 2996 vet
799 2943 872 2996 cum
907 2925 1121 2994 intransitivis
1154 2923 1265 2996 vertis

270 3031 463 3099 coniunctus
486 3031 540 3099 est
561 3031 612 3100 vet
637 3027 666 3095 in
691 3027 906 3113 appositionis
931 3027 1003 3096 loco
1026 3027 1163 3112 positus.

245 3167 399 3234 Venimus
434 3171 474 3236 ad
509 3193 560 3234 eos
595 3173 677 3235 locos
713 3169 918 3246 enarrandos
956 3169 1011 3234 nbi
1045 3170 1106 3246 hic,
1140 3170 1177 3233 de
1203 3191 1268 3254 qno

170 3269 307 3354 agimus,
343 3272 471 3336 dativus
504 3294 576 3336 cum
601 3273 706 3336 verbis
733 3269 925 3355 quibusdam
950 3271 1164 3336 intransitivis
1191 3292 1269 3334 con·

168 3371 297 3436 iunctus
332 3377 382 3438 est
417 3373 467 3436 vel
498 3376 532 3438 in
559 3374 766 3457 appositionis
793 3372 859 3434 loeo
887 3371 1011 3434 videtur
1037 3391 1104 3434 esse
1130 3373 1267 3453 positus..

170 3469 236 3538 Hos
262 3472 345 3538 locos
372 3475 608 3542 annotavimus.
788 3547 790 3552 ,

246 3572 283 3636 G.
327 3575 384 3653 33,
415 3576 432 3638 7
462 3575 565 3660 Super
599 3576 763 3658 cenapium
795 3571 888 3636 milia
922 3596 984 3637 oon
1012 3574 1116 3635 armis·
1138 3573 1267 3658 telisque

168 3675 336 3752 Romanis,
358 3677 422 3752 scd,
445 3678 528 3760 quod
546 3676 795 3763 mopuificcatius
817 3685 871 3750 est,
893 3673 1156 3737 oblectationi
1178 3697 1266 3738 ocu-

169 3775 298 3860 lisque
321 3778 563 3842 cccc'dcrunt.
607 3775 692 3840 Satis
719 3783 853 3858 apparet
879 3775 974 3838 verba
1000 3773 1056 3838 illa
1068 3774 1272 3840 oblectationi

170 3877 330 3962 oculisque
365 3900 420 3960 per
457 3877 596 3962 figuram
632 3883 669 3942 ἓν
700 3877 755 3940 διὰ
785 3876 877 3940 δυοῖν
908 3874 1090 3956 accipienda
1116 3896 1193 3950 esse,
1222 3873 1263 3938 cf.

170 3976 266 4042 Kritz
292 3979 332 4042 ad
358 3977 396 4041 G.
429 3981 484 4056 12,
502 3980 521 4042 2
542 3986 574 4041 et
591 3978 769 4053 Androneo,
796 3975 978 4040 Jahresber.
994 3976 1048 4040 des
1062 3975 1170 4058 philol.
1185 3974 1271 4040 Ver·

171 4081 241 4144 eins
276 4101 314 4142 zu
351 4077 468 4156 Berlin,
505 4078 554 4143 III
589 4077 705 4162 Jahrg.
746 4078 852 4154 1877,
886 4099 916 4158 p.
948 4077 1003 4140 77.
1055 4074 1137 4138 Tum
1169 4077 1271 4141 verba

228 4297 248 4360 ¹)
267 4300 349 4350 Latin
368 4299 517 4360 Grammsr,
535 4299 569 4360 11,
587 4295 701 4346 Praisos
719 4311 745 4358 p.
763 4305 867 4344 mm.
