3214 5022
1154 474 1191 526 ‘25

144 641 176 702 in
211 639 334 704 (licendi
377 639 541 714 formulis„
583 639 692 724 quales
736 645 813 704 sunt
856 642 1000 728 colloquio
1039 645 1118 708 diern
1162 644 1240 708 ‹leli-

142 765 218 830 qere,
253 745 360 806 cestria
390 742 491 806 locuni
519 764 633 825 capere,
662 745 792 826 receptui
814 746 935 828 eiqnnrn
963 743 1011 806 vel
1034 749 1165 830 receptui
1187 769 1239 808 ca-

145 864 210 905 nere
232 863 301 906 sim.

218 957 288 1022 lam
315 959 355 1022 ad
384 959 463 1024 locos
490 958 640 1023 Taciteos
668 958 848 1023 afferendos
874 965 1088 1025 transeamus.
1130 961 1168 1024 lu
1183 961 1241 1025 ho·

144 1081 212 1123 rum
243 1059 466 1124 vocabulorum
500 1081 562 1123 usu
589 1059 669 1124 nihil
703 1060 769 1124 fere
800 1083 819 1124 a
847 1062 1004 1145 prioribus
1033 1063 1240 1146 scriptoribus

144 1161 300 1244 discrepat
325 1161 466 1225 Tacitus.

218 1279 312 1343 Esse
326 1283 473 1364 praesidio
489 1286 537 1343 est
551 1281 630 1364 Agr.
647 1281 704 1354 22,
724 1279 779 1342 10.
802 1281 938 1352 Auxilio,
952 1282 1086 1345 subsidio
1100 1305 1161 1345 ease
1175 1303 1239 1346 non

144 1371 332 1444 invenimus
360 1379 419 1444 Sed
446 1380 497 1444 hio
519 1383 580 1445 duo
606 1380 663 1444 loci
692 1379 849 1444 afferendi
875 1385 963 1444 suut.
1017 1381 1079 1444 An.
1108 1381 1177 1459 18,
1193 1382 1239 1446 24

144 1481 205 1544 Die
224 1483 343 1563 funeris
366 1483 473 1544 milites
496 1483 573 1545 uellet
594 1484 778 1568 prasidio
801 1493 914 1556 stetere,
928 1501 994 1565 eqs.
1021 1487 1083 1546 An.
1101 1481 1163 1546 XII
1180 1485 1239 1559 29,

148 1581 189 1644 10
217 1583 396 1667 scripsitque
424 1582 574 1668 Palpellio
606 1584 721 1656 Hirtia,
750 1585 803 1666 qni
831 1583 1027 1646 Pannoniam
1045 1587 1239 1668 presidebat,

144 1679 293 1767 leqionern,
316 1686 444 1768 ipsoque
474 1707 489 1746 e
513 1687 674 1768 provincia
703 1683 776 1746 lecto
806 1684 924 1746 ancillo
946 1707 1003 1768 pro
1025 1687 1096 1768 ripa
1118 1706 1241 1770 compo·

144 1807 220 1856 nere,
242 1784 420 1846 subsidio
444 1788 561 1846 vietis
582 1797 608 1846 et
631 1797 775 1847 terrorem
798 1789 945 1847 adversus
969 1786 1102 1860 caterona,
1125 1809 1160 1848 ne
1172 1806 1237 1866 eqs.

144 1883 181 1946 In
207 1884 260 1948 illo
294 1884 359 1948 loco
395 1884 573 1966 putandum
602 1891 650 1947 est
677 1886 708 1947 in
737 1884 833 1946 verbo
855 1897 957 1948 stetere
979 1886 1080 1948 inesse
1109 1886 1238 1949 verbum

145 1984 380 2072 substantivum
407 1986 456 2048 vel
484 1985 674 2050 audiendum
690 1989 739 2050 est
752 1985 967 2067 participium,
984 1987 1065 2068 quod
1079 1992 1127 2050 est
1141 1986 1239 2063 iniec,

146 2085 178 2148 iu
203 2084 260 2148 hoc
287 2092 394 2149 autem
422 2087 547 2150 dativus
575 2087 784 2169 appositionis
811 2085 877 2149 loco
904 2087 1021 2169 positos
1048 2109 1115 2150 esse
1142 2111 1158 2151 e
1185 2111 1239 2152 vo·

144 2185 253 2249 cabulo
280 2190 433 2270 sequente
460 2200 603 2250 terrorem
626 2187 835 2251 manifestum
862 2193 911 2250 est
938 2192 1034 2270 atque
1051 2189 1241 2274 intellegen-

143 2286 217 2349 dum
245 2292 294 2350 est
322 2288 525 2370 participium
552 2287 639 2352 verbi
653 2287 861 2364 substantivi,
881 2290 963 2371 quod
978 2295 1026 2352 est
1040 2291 1128 2354 inin.
1158 2291 1240 2354 Con-

144 2387 290 2451 seruntur
316 2390 377 2452 duo
410 2388 444 2451 hi
471 2390 544 2452 loci:
578 2387 705 2452 Petrou.
737 2392 794 2465 89,
824 2390 869 2452 45
894 2391 1042 2475 paralelos
1064 2393 1110 2454 illi
1131 2406 1241 2455 nicenus

145 2483 149 2580 1
174 2491 214 2550 ad
236 2513 290 2550 orn
304 2501 564 2564 reseruntnenter
579 2477 727 2554 nie‘eilio
750 2492 840 2566 sibi,
865 2483 869 2583 1
895 2504 1017 2576 uterque
1033 2497 1238 2578 fratrieqs.

142 2589 210 2652 Liv.
239 2588 332 2652 XXII
362 2593 418 2666 23,
452 2591 495 2654 10
525 2615 592 2652 cnm
615 2593 702 2654 tertio
732 2591 904 2675 (exercitus
932 2597 1036 2678 parte)
1063 2600 1126 2677 ipae
1149 2617 1240 2679 eape-

142 2693 205 2752 dito
228 2693 257 2752 in
282 2693 407 2755 statione
429 2705 493 2755 erut
515 2692 607 2753 sinant
628 2696 765 2756 castris
783 2696 976 2776 qrnoesidio
994 2707 1020 2756 et
1042 2699 1241 2780 circumspec-

142 2801 208 2852 tans
230 2811 295 2873 eqS.

147 2941 152 2944 ·
217 2907 294 2971 Cum
330 2909 425 2973 verbo
460 2909 651 2973 veniendi
687 2930 747 2971 vox
782 2911 916 2972 snlnnlio
943 2912 1149 2994 coniungitur
1176 2934 1241 2976 uno

142 3008 208 3072 loco
235 3009 297 3072 An.
323 3009 368 3074 IV
398 3012 455 3088 59,
483 3014 505 3073 9
535 3013 589 3096 qni
610 3010 784 3073 subsidio
809 3023 956 3074 verterunt.

218 3143 325 3208 Verba
340 3146 524 3210 mittendi
538 3143 706 3209 ducendi
724 3167 795 3213 cum
811 3145 861 3208 his
875 3145 992 3210 dativis
1007 3149 1090 3230 apud
1103 3150 1241 3231 optimos

141 3247 309 3328 scriptores
337 3265 474 3330 persaepe
502 3247 651 3330 coniungi
680 3249 880 3310 notissimum
905 3255 967 3321 est3
995 3249 1078 3332 apud
1092 3249 1241 3313 Tacitum

142 3345 210 3408 haec
237 3351 313 3430 sunt
339 3349 495 3431 exempla.
550 3347 592 3412 H.
622 3345 667 3410 IV
698 3349 755 3422 27,
786 3349 810 3417 3,
835 3349 974 3433 ereiaitqne
996 3351 1169 3412 serbe-lelio
1192 3374 1241 3414 co-

142 3448 266 3509 lrortern.
311 3447 375 3511 An.
416 3448 463 3512 IV
499 3451 555 3525 73,
597 3449 639 3511 10
680 3453 849 3534 equitesque
886 3450 1034 3532 leqionnrn
1069 3452 1244 3516 subsidio

141 3552 257 3612 anicios.
303 3547 365 3612 An.
404 3549 467 3613 XII
497 3551 554 3626 40,
588 3551 630 3614 18
660 3562 686 3612 et
708 3552 809 3612 misere
838 3552 987 3614 crinilio
1018 3551 1148 3614 colrortes
1175 3573 1238 3636 cqc.

140 3647 206 3712 An.
247 3647 296 3711 111
338 3652 370 3726 9,
410 3653 429 3714 3
471 3674 537 3738 quie
577 3650 714 3738 (legio).
738 3647 869 3714 ..elein
902 3654 1089 3736 pneeairlio
1124 3655 1244 3740 Africae

139 3751 315 3814 elucelnrtnr.

221 3868 378 3934 tlntreaaere
406 3870 521 3932 ‹cornilio
555 3870 633 3934 dicit
660 3869 775 3948 Cacsar,
804 3869 840 3932 B.
856 3867 895 3932 G.
924 3867 972 3932 111
1003 3870 1058 3934 ll.
1111 3869 1244 3934 Tacitus

140 3967 251 4032 codem
287 3969 378 4034 modo
414 3971 576 4035 connectit
611 3970 708 4034 verba
745 3970 927 4034 accicndi
972 3971 1134 4036 vocandi
1175 3992 1244 4054 po·

139 4069 290 4134 scendi.
327 4073 434 4136 Accire
456 4072 572 4135 caecilio
594 4071 677 4134 idern
703 4076 752 4136 est
779 4071 861 4154 quod
890 4069 1005 4136 ’iubere
1030 4074 1137 4136 venire
1151 4074 1243 4138 auxi·

139 4166 207 4232 lio'.
262 4169 302 4236 H.
331 4169 377 4236 IV
406 4173 462 4250 73,
495 4173 538 4234 10
567 4181 596 4237 el
617 4175 705 4236 occitl
727 4173 880 4236 inanitio
903 4173 1052 4253 (ilernraen'
1073 4193 1138 4256 eqs.
1176 4173 1240 4238 An.

139 4268 189 4333 IV
219 4273 277 4349 67,
308 4273 353 4336 24
379 4275 582 4362 populnrnqne
613 4298 648 4337 ae
678 4285 814 4336 renotenn
837 4276 983 4338 ‹circilio
1006 4297 1118 4338 vocare.
1177 4275 1239 4338 An.
