3214 5022
350 509 385 562 12

303 677 449 742 Cicerone
476 677 564 740 Livio
590 677 660 741 eliis
687 677 866 742 adhibetur.
901 676 995 758 Apud
1021 675 1168 742 Tacitum
1196 679 1228 742 id
1255 700 1316 742 non
1344 681 1395 744 in-

303 781 448 844 venimus
477 779 538 842 nisi
569 779 602 840 in
637 777 796 842 Historiis.
842 775 883 840 H.
908 775 958 840 ΙΙΙ
986 778 1042 854 53,
1075 779 1118 842 16
1155 781 1243 843 illie
1265 781 1393 844 Moesico

297 903 421 967 pacem,
457 881 537 943 siti
565 879 696 942 celetem
719 881 975 962 securitatemque
996 879 1102 942 Italic
1125 883 1240 945 cordi
1255 882 1394 969 fuisse.

302 981 343 1044 H.
372 980 418 1045 IV
446 983 503 1061 58,
533 981 577 1041 25
612 985 640 1044 ei
667 982 777 1044 nobie
804 1003 866 1042 nou
892 979 979 1066 suit
1007 983 1123 1043 cordi
1155 1005 1203 1045 me
1233 985 1311 1046 duee
1332 984 1395 1046 hoec

304 1095 504 1149 castre...
534 1083 656 1144 servari
677 1103 744 1162 eqs.
773 1079 813 1142 H.
835 1079 881 1142 IV
903 1081 959 1156 81,
992 1081 1033 1144 18
1062 1083 1105 1144 Id
1122 1083 1264 1169 sortocee
1287 1085 1396 1147 cordi

303 1185 397 1258 deis,
420 1204 486 1265 eqs.
1074 1215 1077 1220 ·

377 1285 529 1346 Pudore
563 1283 687 1345 elicui
722 1305 810 1344 esse.
869 1279 1079 1344 Notissimurn
1103 1287 1151 1346 est
1180 1282 1398 1372 Horatianum

284 1384 381 1446 'illud
410 1381 468 1446 Od.
497 1382 529 1446 ΙΙ
558 1383 628 1460 4,]
662 1379 719 1445 ’Ne
746 1383 789 1444 sit
815 1382 936 1444 ancillae
963 1383 1021 1444 tibi
1051 1405 1139 1446 emor
1165 1382 1295 1466 pudori'.
1337 1385 1394 1449 Ce-

302 1490 407 1546 terum
434 1490 482 1547 est
509 1484 566 1547 hoc
592 1485 711 1548 dietum
740 1483 822 1564 epus]
860 1482 982 1544 Livium
1023 1482 1188 1547 Valerium
1216 1484 1392 1549 Maximum

303 1585 391 1648 elios,
446 1585 484 1647 In
512 1585 637 1666 scriptis
664 1583 767 1646 Taciti
798 1584 994 1646 invenimus:
1022 1583 1264 1661 An.1137‚15
1306 1587 1394 1650 usam

274 1679 276 1682 ¹
302 1708 443 1770 eom...
466 1688 544 1749 sotis
568 1686 729 1760 habebam,
758 1687 786 1747 ei
814 1696 917 1748 tenores
945 1708 994 1747 ree
1022 1708 1096 1748 mere
1122 1709 1184 1750 uon
1206 1689 1305 1752 milri
1320 1712 1393 1772 pe-

303 1789 390 1849 dori
413 1809 466 1849 uec
489 1789 636 1872 cuiquem
658 1789 746 1850 oneri
761 1786 907 1873 forent.
930 1825 971 1832 —
995 1785 1058 1848 An.
1074 1785 1119 1848 IV
1137 1787 1194 1863 57,
1215 1789 1257 1850 10
1286 1789 1392 1851 Erunt

302 1891 357 1972 qui
380 1890 537 1950 crederent
560 1890 593 1950 ie
616 1898 765 1950 ¹senectute
788 1889 929 1971 eorporis
948 1909 1067 1972 quoque
1085 1887 1225 1950 habitem
1242 1891 1396 1973 pudori

296 1988 437 2075 fuisse.

378 2090 534 2152 Robore
575 2089 700 2152 el-e'eui
738 2111 814 2150 esse
854 2088 895 2150 ab
934 2087 1045 2150 Ovidio
1090 2089 1223 2172 aliisque
1260 2112 1395 2172 usurpe-

302 2194 366 2252 tur.
422 2189 515 2270 Apud
545 2189 692 2252 Tacitum
721 2189 867 2270 legimus:
895 2188 959 2250 Au.
988 2187 1035 2250 XI
1066 2189 1156 2263 17,5
1186 2191 1253 2254 Nec
1271 2203 1395 2275 putrem

302 2292 449 2365 rubori,
483 2293 567 2374 quod
587 2291 687 2378 fidem
710 2291 859 2351 adversus
881 2289 1042 2352 Romanos
1064 2289 1236 2354 nolentibus
1260 2290 1393 2355 Germe-

302 2395 352 2454 πίε
374 2403 531 2475 crrrnptum
554 2413 730 2475 rutruquem
753 2391 916 2452 emisisset.
993 2389 1042 2452 An
1070 2389 1148 2454 XIV
1163 2392 1220 2466 55,
1241 2393 1283 2455 16
1313 2395 1395 2456 uude

303 2495 397 2554 etiem
419 2492 511 2554 mihi
533 2493 673 2554 rubori
695 2502 759 2566 est,
787 2491 871 2574 quod
888 2493 1076 2574 precipuus
1099 2495 1230 2556 caritate
1253 2496 1393 2558 noudum

302 2614 405 2655 orienes
421 2592 559 2678 fortune
581 2591 747 2654 antecellis.

378 2689 493 2756 Restat
527 2715 627 2755 unum
661 2691 755 2754 huius
790 2691 901 2754 classis
928 2689 1058 2770 dictum,
1094 2695 1174 2776 quod
1204 2698 1278 2756 ente
1304 2693 1395 2757 Taci-

304 2798 385 2869 tum,
413 2793 495 2876 quod
523 2794 632 2870 sciam,
661 2814 722 2856 nou
751 2793 914 2855 invenitur
939 2797 972 2856 et
997 2794 1123 2878 quidem
1153 2794 1236 2877 apud
1263 2815 1334 2856 eum
1361 2796 1393 2858 in

303 2897 484 2957 coniectura
511 2899 560 2958 est
586 2895 733 2976 positum.

377 2995 622 3058 Pceuitentioe
658 2995 784 3056 elicui
818 3017 905 3057 eece.
951 2993 1058 3058 Habet
1084 2993 1181 3056 Helm
1208 2997 1271 3057 An.
1302 2994 1332 3057 V
1360 2997 1392 3073 4,

265 3129 268 3142 ‹
305 3095 324 3156 8
343 3095 571 3179 disserebatque
594 3096 737 3158 brevibus
758 3096 920 3157 momentis
934 3119 1056 3158 summu
1068 3097 1163 3169 nerti;
1182 3117 1277 3181 posse
1292 3119 1393 3182 quari-

303 3197 404 3280 doque
429 3195 539 3258 doinus
567 3194 749 3260 Germanici
775 3197 906 3257 esitium
930 3198 1172 3281 penitentie
1197 3217 1280 3259 esse
1303 3201 1394 3261 seui.

302 3295 341 3358 Iu
370 3294 505 3360 Mediceo
534 3297 633 3378 primo
660 3301 708 3358 est
735 3295 926 3377 germanicis
955 3297 1063 3360 titium
1090 3298 1284 3380 paeniteutiae
1298 3301 1391 3360 senis.

304 3395 434 3479 Madvig
467 3397 600 3460 coniecit
630 3421 665 3482 p.
689 3421 718 3480 q.
747 3394 931 3460 Germanici
960 3399 1093 3480 stirpem
1126 3419 1305 3481 resrirgere3
1338 3397 1394 3460 da·

302 3503 375 3560 rent
402 3500 539 3582 spatium
558 3499 756 3583 poenitentioe
779 3499 869 3561 senis.

378 3597 458 3660 Aliso
495 3620 593 3671 voces,
635 3619 705 3680 quae
741 3597 984 3680 significationis
1022 3603 1166 3682 respectu
1205 3599 1316 3662 habito
1350 3599 1389 3663 ed

304 3697 389 3760 hene
420 3697 553 3760 classem
580 3699 752 3762 referendae
778 3703 866 3773 sunt,
901 3708 937 3762 ut
965 3697 1040 3762 ’esse
1066 3700 1159 3764 elicui
1185 3700 1312 3783 gerseio,
1342 3701 1394 3766 lae-

238 3846 240 3850 .
305 3798 396 3875 titiae,
434 3797 647 3872 delectationi,
690 3797 858 3880 voluptati,
899 3799 1008 3876 dolori,
1050 3797 1273 3877 sollicitudini,
1307 3803 1390 3876 sim,

197 3977 204 3988 ·
303 3920 373 3980 quae
411 3898 537 3981 quidem
572 3899 612 3963 eb
639 3900 710 3964 eliis
737 3895 942 3981 scriptoribus
970 3900 1054 3966 haud
1082 3921 1154 3962 rero
1182 3900 1388 3976 adhibentur,

303 3999 386 4080 apud
412 3998 558 4064 Tacitum
589 4021 744 4082 nusquam
771 4000 916 4063 vidimus.
959 4025 965 4034 ·

302 4187 342 4254 B.
371 4185 462 4250 Esse
480 4187 604 4250 elicui
631 4186 1072 4262 absolutionicrimiui,
1087 4185 1389 4250 obtrectationi.

377 4304 604 4387 Pervulgatum
632 4311 680 4367 est
707 4303 764 4368 hoc
791 4304 926 4368 dictum:
