<?xml version="1.0" encoding="UTF-8"?>
<!DOCTYPE html PUBLIC "-//W3C//DTD XHTML 1.0 Transitional//EN"
    "http://www.w3.org/TR/xhtml1/DTD/xhtml1-transitional.dtd">
<html xmlns="http://www.w3.org/1999/xhtml" xml:lang="en" lang="en">
 <head>
  <title>
</title>
<meta http-equiv="Content-Type" content="text/html;charset=utf-8" />
  <meta name='ocr-system' content='tesseract 3.04.00' />
  <meta name='ocr-capabilities' content='ocr_page ocr_carea ocr_par ocr_line ocrx_word'/>
</head>
<body>
  <div class='ocr_page' id='page_1' title='image "./dedativifinalis00kngoog_0040.png"; bbox 0 0 3214 5022; ppageno 0'>
   <div class='ocr_carea' id='block_1_1' title="bbox 1131 497 1214 550">
    <p class='ocr_par' dir='ltr' id='par_1_1' title="bbox 1131 497 1214 550">
     <span class='ocr_line' id='line_1_1' title="bbox 1131 497 1214 550; baseline 0 0"><span class='ocrx_word' id='word_1_1' title='bbox 1131 497 1214 550; x_wconf 84' lang='grc'><em>29·</em></span> 
     </span>
    </p>
   </div>
   <div class='ocr_carea' id='block_1_2' title="bbox 126 671 1215 1368">
    <p class='ocr_par' dir='ltr' id='par_1_2' title="bbox 126 671 1215 1368">
     <span class='ocr_line' id='line_1_2' title="bbox 128 671 1214 760; baseline -0.006 -17"><span class='ocrx_word' id='word_1_2' title='bbox 128 679 172 743; x_wconf 84' lang='lat' dir='ltr'><em>tui</em></span> <span class='ocrx_word' id='word_1_3' title='bbox 203 671 328 739; x_wconf 83' lang='lat' dir='ltr'><em>essent&#39;.</em></span> <span class='ocrx_word' id='word_1_4' title='bbox 358 710 401 720; x_wconf 84' lang='lat'><em>-</em></span> <span class='ocrx_word' id='word_1_5' title='bbox 432 671 495 736; x_wconf 84' lang='lat' dir='ltr'><em>An.</em></span> <span class='ocrx_word' id='word_1_6' title='bbox 524 672 539 736; x_wconf 93' lang='lat' dir='ltr'>I</span> <span class='ocrx_word' id='word_1_7' title='bbox 567 671 623 743; x_wconf 89' lang='grc'><em>51,</em></span> <span class='ocrx_word' id='word_1_8' title='bbox 655 673 674 735; x_wconf 86' lang='grc'>9</span> <span class='ocrx_word' id='word_1_9' title='bbox 708 673 884 756; x_wconf 67' lang='lat' dir='ltr'><em>incessitque</em></span> <span class='ocrx_word' id='word_1_10' title='bbox 907 673 1041 735; x_wconf 88' lang='lat' dir='ltr'><em>itineri</em></span> <span class='ocrx_word' id='word_1_11' title='bbox 1062 687 1088 738; x_wconf 87' lang='lat' dir='ltr'><em>et</em></span> <span class='ocrx_word' id='word_1_12' title='bbox 1106 697 1214 760; x_wconf 81' lang='lat' dir='ltr'><em>prce-</em></span> 
     </span>
     <span class='ocr_line' id='line_1_3' title="bbox 129 771 1213 856; baseline -0.003 -13"><span class='ocrx_word' id='word_1_13' title='bbox 129 781 172 843; x_wconf 80' lang='lat' dir='ltr'><em>tn</em></span> <span class='ocrx_word' id='word_1_14' title='bbox 195 779 213 840; x_wconf 92' lang='lat' dir='ltr'><em>i.</em></span> <span class='ocrx_word' id='word_1_15' title='bbox 242 795 268 837; x_wconf 91' lang='lat' dir='ltr'><em>e.</em></span> <span class='ocrx_word' id='word_1_16' title='bbox 299 771 348 838; x_wconf 85' lang='lat' dir='ltr'><em>’ad</em></span> <span class='ocrx_word' id='word_1_17' title='bbox 380 774 441 837; x_wconf 87' lang='lat' dir='ltr'><em>iter</em></span> <span class='ocrx_word' id='word_1_18' title='bbox 471 771 696 856; x_wconf 85' lang='lat' dir='ltr'><em>perficiendum</em></span> <span class='ocrx_word' id='word_1_19' title='bbox 729 777 763 836; x_wconf 87' lang='lat' dir='ltr'><em>et</em></span> <span class='ocrx_word' id='word_1_20' title='bbox 788 779 826 836; x_wconf 89' lang='lat' dir='ltr'><em>ut</em></span> <span class='ocrx_word' id='word_1_21' title='bbox 852 773 1006 856; x_wconf 87' lang='lat' dir='ltr'><em>proelium</em></span> <span class='ocrx_word' id='word_1_22' title='bbox 1033 778 1213 840; x_wconf 88' lang='lat' dir='ltr'><em>committe-</em></span> 
     </span>
     <span class='ocr_line' id='line_1_4' title="bbox 128 873 1214 961; baseline -0.003 -18"><span class='ocrx_word' id='word_1_23' title='bbox 128 876 182 944; x_wconf 90' lang='lat' dir='ltr'><em>ret&#39;</em></span> <span class='ocrx_word' id='word_1_24' title='bbox 201 875 425 960; x_wconf 86' lang='lat' dir='ltr'><em>(Boetticber).</em></span> <span class='ocrx_word' id='word_1_25' title='bbox 452 873 529 938; x_wconf 85' lang='lat' dir='ltr'><em>Otto</em></span> <span class='ocrx_word' id='word_1_26' title='bbox 556 874 595 938; x_wconf 84' lang='lat' dir='ltr'><em>ad</em></span> <span class='ocrx_word' id='word_1_27' title='bbox 618 873 650 936; x_wconf 88' lang='lat' dir='ltr'><em>h.</em></span> <span class='ocrx_word' id='word_1_28' title='bbox 678 873 699 936; x_wconf 90' lang='lat'><em>1.</em></span> <span class='ocrx_word' id='word_1_29' title='bbox 720 875 900 956; x_wconf 84' lang='lat' dir='ltr'><em>suspicatur</em></span> <span class='ocrx_word' id='word_1_30' title='bbox 925 895 1042 951; x_wconf 84' lang='lat' dir='ltr'><em>vocem,</em></span> <span class='ocrx_word' id='word_1_31' title='bbox 1070 899 1139 961; x_wconf 84' lang='lat' dir='ltr'><em>quae</em></span> <span class='ocrx_word' id='word_1_32' title='bbox 1165 881 1214 940; x_wconf 86' lang='lat' dir='ltr'><em>est</em></span> 
     </span>
     <span class='ocr_line' id='line_1_5' title="bbox 126 974 1214 1068; baseline -0.001 -25"><span class='ocrx_word' id='word_1_33' title='bbox 126 990 259 1068; x_wconf 79' lang='lat' dir='ltr'><em>par-utus,</em></span> <span class='ocrx_word' id='word_1_34' title='bbox 289 977 439 1040; x_wconf 83' lang='lat' dir='ltr'><strong>excidisse</strong></span> <span class='ocrx_word' id='word_1_35' title='bbox 467 980 542 1039; x_wconf 87' lang='lat' dir='ltr'><em>ante</em></span> <span class='ocrx_word' id='word_1_36' title='bbox 576 974 763 1039; x_wconf 80' lang='lat' dir='ltr'><em>vocabuiuui</em></span> <span class='ocrx_word' id='word_1_37' title='bbox 799 975 968 1056; x_wconf 87' lang='lat' dir='ltr'><em>insequens</em></span> <span class='ocrx_word' id='word_1_38' title='bbox 1001 978 1083 1040; x_wconf 83' lang='lat' dir='ltr'><em>Pars</em></span> <span class='ocrx_word' id='word_1_39' title='bbox 1110 984 1141 1042; x_wconf 82' lang='lat' dir='ltr'><em>et</em></span> <span class='ocrx_word' id='word_1_40' title='bbox 1170 979 1214 1042; x_wconf 88' lang='lat' dir='ltr'><em>le-</em></span> 
     </span>
     <span class='ocr_line' id='line_1_6' title="bbox 128 1075 1215 1166; baseline -0.001 -22"><span class='ocrx_word' id='word_1_41' title='bbox 128 1079 262 1166; x_wconf 85' lang='lat' dir='ltr'><em>gendum</em></span> <span class='ocrx_word' id='word_1_42' title='bbox 297 1099 364 1140; x_wconf 90' lang='lat' dir='ltr'><em>esse</em></span> <span class='ocrx_word' id='word_1_43' title='bbox 399 1079 501 1141; x_wconf 66' lang='lat' dir='ltr'><em>itiiteri</em></span> <span class='ocrx_word' id='word_1_44' title='bbox 536 1089 561 1138; x_wconf 86' lang='lat' dir='ltr'><em>et</em></span> <span class='ocrx_word' id='word_1_45' title='bbox 595 1076 709 1161; x_wconf 84' lang='lat' dir='ltr'><em>praetio</em></span> <span class='ocrx_word' id='word_1_46' title='bbox 741 1087 869 1161; x_wconf 82' lang='lat' dir='ltr'><em>paretur</em></span> <span class='ocrx_word' id='word_1_47' title='bbox 912 1075 1027 1141; x_wconf 84' lang='lat' dir='ltr'><em>colluto</em></span> <span class='ocrx_word' id='word_1_48' title='bbox 1054 1080 1215 1144; x_wconf 85' lang='lat' dir='ltr'><em>simillimo</em></span> 
     </span>
     <span class='ocr_line' id='line_1_7' title="bbox 129 1175 1215 1254; baseline 0 -9"><span class='ocrx_word' id='word_1_49' title='bbox 129 1183 191 1245; x_wconf 91' lang='lat' dir='ltr'><em>loco</em></span> <span class='ocrx_word' id='word_1_50' title='bbox 217 1180 369 1244; x_wconf 81' lang='lat' dir='ltr'><em>Curtiauo</em></span> <span class='ocrx_word' id='word_1_51' title='bbox 395 1176 491 1254; x_wconf 83' lang='lat'><em>1118,</em></span> <span class='ocrx_word' id='word_1_52' title='bbox 519 1176 571 1240; x_wconf 89' lang='lat' dir='ltr'><em>sed</em></span> <span class='ocrx_word' id='word_1_53' title='bbox 599 1177 805 1240; x_wconf 86' lang='lat' dir='ltr'><em>conferantur</em></span> <span class='ocrx_word' id='word_1_54' title='bbox 830 1175 951 1240; x_wconf 81' lang='lat' dir='ltr'><em>Tacitei</em></span> <span class='ocrx_word' id='word_1_55' title='bbox 977 1178 1035 1242; x_wconf 89' lang='lat' dir='ltr'><em>Ioci</em></span> <span class='ocrx_word' id='word_1_56' title='bbox 1057 1180 1118 1244; x_wconf 80' lang='lat' dir='ltr'><em>An.</em></span> <span class='ocrx_word' id='word_1_57' title='bbox 1135 1181 1215 1245; x_wconf 84' lang='lat' dir='ltr'>XIII</span> 
     </span>
     <span class='ocr_line' id='line_1_8' title="bbox 130 1276 1213 1368; baseline 0 -22"><span class='ocrx_word' id='word_1_58' title='bbox 130 1285 184 1358; x_wconf 83' lang='lat'><em>40,</em></span> <span class='ocrx_word' id='word_1_59' title='bbox 213 1284 232 1344; x_wconf 83' lang='grc'>6</span> <span class='ocrx_word' id='word_1_60' title='bbox 265 1283 297 1343; x_wconf 82' lang='lat' dir='ltr'><em>et</em></span> <span class='ocrx_word' id='word_1_61' title='bbox 329 1277 406 1342; x_wconf 86' lang='lat' dir='ltr'><em>XIV</em></span> <span class='ocrx_word' id='word_1_62' title='bbox 440 1279 472 1355; x_wconf 87' lang='lat'><em>3,</em></span> <span class='ocrx_word' id='word_1_63' title='bbox 504 1279 560 1355; x_wconf 95' lang='grc'><em>11,</em></span> <span class='ocrx_word' id='word_1_64' title='bbox 594 1298 673 1358; x_wconf 89' lang='lat' dir='ltr'><em>quos</em></span> <span class='ocrx_word' id='word_1_65' title='bbox 705 1277 791 1340; x_wconf 85' lang='lat' dir='ltr'><em>infra</em></span> <span class='ocrx_word' id='word_1_66' title='bbox 823 1276 1047 1342; x_wconf 82' lang='lat' dir='ltr'><em>exscribemus.</em></span> <span class='ocrx_word' id='word_1_67' title='bbox 1069 1319 1121 1368; x_wconf 12' lang='lat'><em>¹—</em></span> <span class='ocrx_word' id='word_1_68' title='bbox 1153 1282 1213 1346; x_wconf 88' lang='lat' dir='ltr'><em>An.</em></span> 
     </span>
    </p>
   </div>
   <div class='ocr_carea' id='block_1_3' title="bbox 115 1379 1287 4187">
    <p class='ocr_par' dir='ltr' id='par_1_3' title="bbox 115 1379 1287 4187">
     <span class='ocr_line' id='line_1_9' title="bbox 128 1379 1216 1466; baseline -0.009 -20"><span class='ocrx_word' id='word_1_69' title='bbox 128 1383 158 1446; x_wconf 88' lang='lat' dir='ltr'><em>II</em></span> <span class='ocrx_word' id='word_1_70' title='bbox 186 1383 216 1459; x_wconf 84' lang='lat'><em>7,</em></span> <span class='ocrx_word' id='word_1_71' title='bbox 246 1385 265 1446; x_wconf 83' lang='grc'>9</span> <span class='ocrx_word' id='word_1_72' title='bbox 294 1380 435 1443; x_wconf 71' lang='lat' dir='ltr'><em>Restituit</em></span> <span class='ocrx_word' id='word_1_73' title='bbox 457 1403 543 1442; x_wconf 74' lang='lat' dir='ltr'><em>aratu</em></span> <span class='ocrx_word' id='word_1_74' title='bbox 566 1379 761 1464; x_wconf 72' lang='lat' dir='ltr'><em>honorique</em></span> <span class='ocrx_word' id='word_1_75' title='bbox 779 1383 880 1465; x_wconf 75' lang='lat' dir='ltr'><em>pratris</em></span> <span class='ocrx_word' id='word_1_76' title='bbox 899 1381 1043 1464; x_wconf 71' lang='lat' dir='ltr'><em>prirurepc</em></span> <span class='ocrx_word' id='word_1_77' title='bbox 1062 1384 1125 1466; x_wconf 64' lang='lat' dir='ltr'><em>ipre</em></span> <span class='ocrx_word' id='word_1_78' title='bbox 1149 1408 1216 1446; x_wconf 69' lang='lat' dir='ltr'><em>cum</em></span> 
     </span>
     <span class='ocr_line' id='line_1_10' title="bbox 125 1475 1216 1567; baseline 0.001 -21"><span class='ocrx_word' id='word_1_79' title='bbox 125 1485 289 1567; x_wconf 66' lang='lat' dir='ltr'><em>legionibus</em></span> <span class='ocrx_word' id='word_1_80' title='bbox 318 1483 487 1544; x_wconf 78' lang='lat' dir='ltr'><em>decucurrit</em></span> <span class='ocrx_word' id='word_1_81' title='bbox 514 1481 535 1543; x_wconf 88' lang='lat' dir='ltr'><em>i.</em></span> <span class='ocrx_word' id='word_1_82' title='bbox 560 1501 586 1542; x_wconf 90' lang='lat' dir='ltr'><em>e.</em></span> <span class='ocrx_word' id='word_1_83' title='bbox 616 1475 662 1543; x_wconf 84' lang='lat' dir='ltr'><em>&#39;ut</em></span> <span class='ocrx_word' id='word_1_84' title='bbox 690 1481 789 1542; x_wconf 91' lang='lat' dir='ltr'><em>honor</em></span> <span class='ocrx_word' id='word_1_85' title='bbox 824 1479 909 1562; x_wconf 87' lang='lat' dir='ltr'><em>patri</em></span> <span class='ocrx_word' id='word_1_86' title='bbox 944 1479 1150 1560; x_wconf 79' lang='lat' dir='ltr'><em>tribueretur,</em></span> <span class='ocrx_word' id='word_1_87' title='bbox 1179 1487 1216 1552; x_wconf 86' lang='lat' dir='ltr'><em>ut</em></span> 
     </span>
     <span class='ocr_line' id='line_1_11' title="bbox 127 1577 1216 1664; baseline 0.001 -17"><span class='ocrx_word' id='word_1_88' title='bbox 127 1585 296 1648; x_wconf 85' lang='lat' dir='ltr'><em>honoraret</em></span> <span class='ocrx_word' id='word_1_89' title='bbox 322 1577 466 1664; x_wconf 88' lang='lat' dir='ltr'><em>patrem&#39;.</em></span> <span class='ocrx_word' id='word_1_90' title='bbox 501 1619 540 1628; x_wconf 91' lang='lat'>—</span> <span class='ocrx_word' id='word_1_91' title='bbox 572 1583 635 1644; x_wconf 91' lang='lat' dir='ltr'><em>Au.</em></span> <span class='ocrx_word' id='word_1_92' title='bbox 653 1580 757 1657; x_wconf 88' lang='grc'>1158,</span> <span class='ocrx_word' id='word_1_93' title='bbox 774 1582 817 1644; x_wconf 89' lang='grc'><em>10</em></span> <span class='ocrx_word' id='word_1_94' title='bbox 847 1583 967 1644; x_wconf 70' lang='lat' dir='ltr'><em>lictant</em></span> <span class='ocrx_word' id='word_1_95' title='bbox 990 1585 1023 1644; x_wconf 85' lang='lat' dir='ltr'><em>id</em></span> <span class='ocrx_word' id='word_1_96' title='bbox 1045 1607 1104 1646; x_wconf 86' lang='lat' dir='ltr'><em>uon</em></span> <span class='ocrx_word' id='word_1_97' title='bbox 1128 1588 1216 1648; x_wconf 78' lang='lat' dir='ltr'><em>recito</em></span> 
     </span>
     <span class='ocr_line' id='line_1_12' title="bbox 123 1681 1215 1771; baseline 0 -22"><span class='ocrx_word' id='word_1_98' title='bbox 123 1687 259 1771; x_wconf 81' lang='lat' dir='ltr'><em>precibus</em></span> <span class='ocrx_word' id='word_1_99' title='bbox 283 1684 442 1770; x_wconf 73' lang='lat' dir='ltr'><em>eir-tabani,</em></span> <span class='ocrx_word' id='word_1_100' title='bbox 470 1684 522 1744; x_wconf 80' lang='lat' dir='ltr'><em>aed</em></span> <span class='ocrx_word' id='word_1_101' title='bbox 545 1683 781 1746; x_wconf 62' lang='lat' dir='ltr'><em>‹contremetia</em></span> <span class='ocrx_word' id='word_1_102' title='bbox 806 1683 938 1745; x_wconf 83' lang='lat' dir='ltr'><em>Pisonis.</em></span> <span class='ocrx_word' id='word_1_103' title='bbox 995 1681 1056 1747; x_wconf 90' lang='lat' dir='ltr'><em>Hic</em></span> <span class='ocrx_word' id='word_1_104' title='bbox 1082 1705 1215 1769; x_wconf 79' lang='lat' dir='ltr'><em>zeugma</em></span> 
     </span>
     <span class='ocr_line' id='line_1_13' title="bbox 127 1780 1213 1868; baseline 0 -19"><span class='ocrx_word' id='word_1_105' title='bbox 127 1788 228 1850; x_wconf 83' lang='lat' dir='ltr'><em>inesse</em></span> <span class='ocrx_word' id='word_1_106' title='bbox 253 1789 359 1848; x_wconf 88' lang='lat' dir='ltr'><em>censet</em></span> <span class='ocrx_word' id='word_1_107' title='bbox 384 1780 471 1846; x_wconf 88' lang='lat' dir='ltr'><em>Otto.</em></span> <span class='ocrx_word' id='word_1_108' title='bbox 525 1781 616 1846; x_wconf 75' lang='lat' dir='ltr'><em>oeric</em></span> <span class='ocrx_word' id='word_1_109' title='bbox 650 1782 794 1866; x_wconf 76' lang='lat' dir='ltr'><em>intellegi</em></span> <span class='ocrx_word' id='word_1_110' title='bbox 822 1782 873 1846; x_wconf 90' lang='lat' dir='ltr'><em>hic</em></span> <span class='ocrx_word' id='word_1_111' title='bbox 900 1784 984 1846; x_wconf 89' lang='lat' dir='ltr'><em>Iocus</em></span> <span class='ocrx_word' id='word_1_112' title='bbox 1011 1806 1075 1848; x_wconf 90' lang='lat' dir='ltr'><em>nou</em></span> <span class='ocrx_word' id='word_1_113' title='bbox 1098 1789 1213 1868; x_wconf 83' lang='lat' dir='ltr'><em>potest,</em></span> 
     </span>
     <span class='ocr_line' id='line_1_14' title="bbox 127 1882 1216 1968; baseline -0.002 -18"><span class='ocrx_word' id='word_1_114' title='bbox 127 1887 186 1950; x_wconf 88' lang='lat' dir='ltr'><em>uisi</em></span> <span class='ocrx_word' id='word_1_115' title='bbox 214 1891 365 1968; x_wconf 89' lang='lat' dir='ltr'><em>putamus</em></span> <span class='ocrx_word' id='word_1_116' title='bbox 391 1884 577 1947; x_wconf 84' lang='lat' dir='ltr'><em>contumelia</em></span> <span class='ocrx_word' id='word_1_117' title='bbox 599 1885 723 1946; x_wconf 82' lang='lat' dir='ltr'><em>Pisonis</em></span> <span class='ocrx_word' id='word_1_118' title='bbox 752 1883 834 1946; x_wconf 88' lang='lat' dir='ltr'><em>idem</em></span> <span class='ocrx_word' id='word_1_119' title='bbox 868 1904 934 1946; x_wconf 87' lang='lat' dir='ltr'><em>esse</em></span> <span class='ocrx_word' id='word_1_120' title='bbox 960 1885 1042 1968; x_wconf 90' lang='lat' dir='ltr'><em>quod</em></span> <span class='ocrx_word' id='word_1_121' title='bbox 1070 1882 1114 1948; x_wconf 90' lang='lat' dir='ltr'><em>&#39;iu</em></span> <span class='ocrx_word' id='word_1_122' title='bbox 1142 1907 1216 1950; x_wconf 87' lang='lat' dir='ltr'><em>con-</em></span> 
     </span>
     <span class='ocr_line' id='line_1_15' title="bbox 127 1982 1216 2059; baseline 0 -8"><span class='ocrx_word' id='word_1_123' title='bbox 127 1987 289 2051; x_wconf 84' lang='lat' dir='ltr'><em>tumeliam</em></span> <span class='ocrx_word' id='word_1_124' title='bbox 317 1984 451 2059; x_wconf 75' lang='lat' dir='ltr'><em>PisoniS,</em></span> <span class='ocrx_word' id='word_1_125' title='bbox 480 1987 516 2048; x_wconf 88' lang='grc'><em>111</em></span> <span class='ocrx_word' id='word_1_126' title='bbox 541 1984 734 2048; x_wconf 84' lang='lat' dir='ltr'><em>contumelia</em></span> <span class='ocrx_word' id='word_1_127' title='bbox 753 1983 860 2048; x_wconf 88' lang='lat' dir='ltr'><em>Pisoni</em></span> <span class='ocrx_word' id='word_1_128' title='bbox 874 1982 1066 2048; x_wconf 84' lang='lat' dir='ltr'><em>inferretur&#39;.</em></span> <span class='ocrx_word' id='word_1_129' title='bbox 1108 1986 1216 2051; x_wconf 85' lang='lat' dir='ltr'><em>Alium</em></span> 
     </span>
     <span class='ocr_line' id='line_1_16' title="bbox 130 2082 1216 2168; baseline 0.002 -18"><span class='ocrx_word' id='word_1_130' title='bbox 130 2090 189 2152; x_wconf 88' lang='lat' dir='ltr'><em>vim</em></span> <span class='ocrx_word' id='word_1_131' title='bbox 222 2088 318 2152; x_wconf 86' lang='lat' dir='ltr'><em>habet</em></span> <span class='ocrx_word' id='word_1_132' title='bbox 349 2082 469 2147; x_wconf 83' lang='lat' dir='ltr'><em>&#39;honori</em></span> <span class='ocrx_word' id='word_1_133' title='bbox 497 2085 629 2149; x_wconf 88' lang='lat' dir='ltr'><em>alicuius</em></span> <span class='ocrx_word' id='word_1_134' title='bbox 656 2082 751 2160; x_wconf 83' lang='lat' dir='ltr'><em>dare’,</em></span> <span class='ocrx_word' id='word_1_135' title='bbox 785 2085 867 2168; x_wconf 88' lang='lat' dir='ltr'><em>quod</em></span> <span class='ocrx_word' id='word_1_136' title='bbox 894 2090 942 2148; x_wconf 82' lang='lat' dir='ltr'><em>est</em></span> <span class='ocrx_word' id='word_1_137' title='bbox 968 2087 1002 2148; x_wconf 89' lang='lat' dir='ltr'><em>iu</em></span> <span class='ocrx_word' id='word_1_138' title='bbox 1029 2086 1137 2150; x_wconf 87' lang='lat' dir='ltr'><em>eodem</em></span> <span class='ocrx_word' id='word_1_139' title='bbox 1163 2109 1216 2152; x_wconf 87' lang='lat' dir='ltr'><em>cu-</em></span> 
     </span>
     <span class='ocr_line' id='line_1_17' title="bbox 126 2184 1217 2273; baseline -0.002 -21"><span class='ocrx_word' id='word_1_140' title='bbox 126 2192 199 2273; x_wconf 83' lang='lat' dir='ltr'><em>pite.</em></span> <span class='ocrx_word' id='word_1_141' title='bbox 229 2227 276 2235; x_wconf 88' lang='lat'>—</span> <span class='ocrx_word' id='word_1_142' title='bbox 305 2187 366 2252; x_wconf 83' lang='lat' dir='ltr'><em>An.</em></span> <span class='ocrx_word' id='word_1_143' title='bbox 393 2184 440 2247; x_wconf 91' lang='lat' dir='ltr'><em>IV</em></span> <span class='ocrx_word' id='word_1_144' title='bbox 470 2186 526 2262; x_wconf 84' lang='grc'><em>72,</em></span> <span class='ocrx_word' id='word_1_145' title='bbox 559 2187 602 2250; x_wconf 88' lang='grc'><em>13</em></span> <span class='ocrx_word' id='word_1_146' title='bbox 632 2190 724 2272; x_wconf 81' lang='lat' dir='ltr'><em>rupti,</em></span> <span class='ocrx_word' id='word_1_147' title='bbox 756 2190 810 2271; x_wconf 78' lang='lat' dir='ltr'><em>qui</em></span> <span class='ocrx_word' id='word_1_148' title='bbox 831 2187 968 2249; x_wconf 84' lang='lat' dir='ltr'><em>tributo</em></span> <span class='ocrx_word' id='word_1_149' title='bbox 990 2189 1127 2258; x_wconf 81' lang='lat' dir='ltr'><em>aderaut,</em></span> <span class='ocrx_word' id='word_1_150' title='bbox 1157 2190 1217 2250; x_wconf 86' lang='lat' dir='ltr'><em>rni-</em></span> 
     </span>
     <span class='ocr_line' id='line_1_18' title="bbox 124 2285 1216 2372; baseline 0 -20"><span class='ocrx_word' id='word_1_151' title='bbox 124 2292 188 2354; x_wconf 83' lang='lat' dir='ltr'><em>titec</em></span> <span class='ocrx_word' id='word_1_152' title='bbox 214 2291 235 2352; x_wconf 88' lang='lat' dir='ltr'><em>i.</em></span> <span class='ocrx_word' id='word_1_153' title='bbox 251 2309 279 2352; x_wconf 86' lang='lat' dir='ltr'><em>e.</em></span> <span class='ocrx_word' id='word_1_154' title='bbox 296 2285 344 2352; x_wconf 85' lang='lat' dir='ltr'><em>&#39;ad</em></span> <span class='ocrx_word' id='word_1_155' title='bbox 367 2287 524 2350; x_wconf 85' lang='lat' dir='ltr'><em>tributum</em></span> <span class='ocrx_word' id='word_1_156' title='bbox 547 2287 748 2372; x_wconf 84' lang='lat' dir='ltr'><em>exigendum,</em></span> <span class='ocrx_word' id='word_1_157' title='bbox 777 2291 814 2350; x_wconf 91' lang='lat' dir='ltr'><em>ut</em></span> <span class='ocrx_word' id='word_1_158' title='bbox 840 2287 997 2350; x_wconf 88' lang='lat' dir='ltr'><em>tributum</em></span> <span class='ocrx_word' id='word_1_159' title='bbox 1015 2286 1216 2372; x_wconf 84' lang='lat' dir='ltr'><em>exigeretur&#39;.</em></span> 
     </span>
     <span class='ocr_line' id='line_1_19' title="bbox 126 2386 1217 2460; baseline -0.002 -6"><span class='ocrx_word' id='word_1_160' title='bbox 126 2390 332 2456; x_wconf 79' lang='lat' dir='ltr'><em>Conferamus</em></span> <span class='ocrx_word' id='word_1_161' title='bbox 364 2386 443 2450; x_wconf 87' lang='lat' dir='ltr'><em>iliud</em></span> <span class='ocrx_word' id='word_1_162' title='bbox 475 2389 631 2453; x_wconf 79' lang='lat' dir='ltr'><em>scribendo</em></span> <span class='ocrx_word' id='word_1_163' title='bbox 653 2391 765 2456; x_wconf 85' lang='lat' dir='ltr'><em>adesce.</em></span> <span class='ocrx_word' id='word_1_164' title='bbox 790 2427 834 2435; x_wconf 89' lang='lat'><em>-</em></span> <span class='ocrx_word' id='word_1_165' title='bbox 865 2389 927 2454; x_wconf 83' lang='lat' dir='ltr'><em>Au.</em></span> <span class='ocrx_word' id='word_1_166' title='bbox 958 2387 1002 2452; x_wconf 91' lang='lat' dir='ltr'><em>VI</em></span> <span class='ocrx_word' id='word_1_167' title='bbox 1032 2390 1087 2460; x_wconf 85' lang='grc'><em>17,</em></span> <span class='ocrx_word' id='word_1_168' title='bbox 1118 2391 1136 2453; x_wconf 87' lang='grc'>8</span> <span class='ocrx_word' id='word_1_169' title='bbox 1165 2413 1217 2454; x_wconf 88' lang='lat' dir='ltr'><em>eu-</em></span> 
     </span>
     <span class='ocr_line' id='line_1_20' title="bbox 124 2489 1217 2576; baseline 0 -23"><span class='ocrx_word' id='word_1_170' title='bbox 124 2516 191 2576; x_wconf 73' lang='lat' dir='ltr'><em>que,</em></span> <span class='ocrx_word' id='word_1_171' title='bbox 220 2513 287 2576; x_wconf 68' lang='lat' dir='ltr'><em>quie</em></span> <span class='ocrx_word' id='word_1_172' title='bbox 318 2489 481 2551; x_wconf 82' lang='lat' dir='ltr'><em>remedio</em></span> <span class='ocrx_word' id='word_1_173' title='bbox 515 2491 651 2573; x_wconf 77' lang='lat' dir='ltr'><em>quarite,</em></span> <span class='ocrx_word' id='word_1_174' title='bbox 681 2490 812 2552; x_wconf 78' lang='lat' dir='ltr'><em>venditio</em></span> <span class='ocrx_word' id='word_1_175' title='bbox 841 2501 867 2551; x_wconf 90' lang='lat' dir='ltr'><em>et</em></span> <span class='ocrx_word' id='word_1_176' title='bbox 896 2493 1014 2574; x_wconf 70' lang='lat' dir='ltr'><em>enuptio,</em></span> <span class='ocrx_word' id='word_1_177' title='bbox 1041 2493 1071 2552; x_wconf 89' lang='lat' dir='ltr'><em>in</em></span> <span class='ocrx_word' id='word_1_178' title='bbox 1095 2503 1217 2554; x_wconf 82' lang='lat' dir='ltr'><em>corrtra-</em></span> 
     </span>
     <span class='ocr_line' id='line_1_21' title="bbox 126 2576 1215 2670; baseline 0.002 -18"><span class='ocrx_word' id='word_1_179' title='bbox 126 2597 204 2655; x_wconf 86' lang='lat' dir='ltr'><em>rium</em></span> <span class='ocrx_word' id='word_1_180' title='bbox 233 2592 355 2660; x_wconf 68' lang='lat' dir='ltr'><em>utereturi,</em></span> <span class='ocrx_word' id='word_1_181' title='bbox 383 2610 448 2670; x_wconf 89' lang='lat' dir='ltr'><em>cqs.</em></span> <span class='ocrx_word' id='word_1_182' title='bbox 477 2589 498 2651; x_wconf 90' lang='lat' dir='ltr'><em>i.</em></span> <span class='ocrx_word' id='word_1_183' title='bbox 525 2611 552 2651; x_wconf 84' lang='lat' dir='ltr'><em>a.</em></span> <span class='ocrx_word' id='word_1_184' title='bbox 581 2586 626 2652; x_wconf 86' lang='lat' dir='ltr'><em>&#39;ut</em></span> <span class='ocrx_word' id='word_1_185' title='bbox 653 2590 826 2652; x_wconf 85' lang='lat' dir='ltr'><em>remedium</em></span> <span class='ocrx_word' id='word_1_186' title='bbox 859 2591 893 2652; x_wconf 89' lang='lat' dir='ltr'><em>in</em></span> <span class='ocrx_word' id='word_1_187' title='bbox 926 2589 964 2654; x_wconf 90' lang='lat' dir='ltr'><em>iis</em></span> <span class='ocrx_word' id='word_1_188' title='bbox 991 2590 1085 2653; x_wconf 86' lang='lat' dir='ltr'><em>rebus</em></span> <span class='ocrx_word' id='word_1_189' title='bbox 1113 2576 1215 2654; x_wconf 80' lang='lat' dir='ltr'><em>ess&#39;et&#39;.</em></span> 
     </span>
     <span class='ocr_line' id='line_1_22' title="bbox 129 2689 1217 2774; baseline -0.002 -18"><span class='ocrx_word' id='word_1_190' title='bbox 129 2731 168 2740; x_wconf 93' lang='lat'><em>-</em></span> <span class='ocrx_word' id='word_1_191' title='bbox 209 2691 270 2756; x_wconf 83' lang='lat' dir='ltr'><em>An.</em></span> <span class='ocrx_word' id='word_1_192' title='bbox 299 2689 361 2753; x_wconf 87' lang='lat' dir='ltr'><em>XII</em></span> <span class='ocrx_word' id='word_1_193' title='bbox 392 2690 446 2766; x_wconf 88' lang='lat'><em>13,</em></span> <span class='ocrx_word' id='word_1_194' title='bbox 479 2690 519 2751; x_wconf 92' lang='grc'><em>11</em></span> <span class='ocrx_word' id='word_1_195' title='bbox 551 2703 647 2753; x_wconf 67' lang='lat' dir='ltr'><em>irroret</em></span> <span class='ocrx_word' id='word_1_196' title='bbox 679 2693 856 2764; x_wconf 70' lang='lat' dir='ltr'><em>sacerdotes,</em></span> <span class='ocrx_word' id='word_1_197' title='bbox 891 2703 923 2752; x_wconf 89' lang='lat' dir='ltr'><em>ut</em></span> <span class='ocrx_word' id='word_1_198' title='bbox 955 2692 1096 2774; x_wconf 83' lang='lat' dir='ltr'><em>tempium</em></span> <span class='ocrx_word' id='word_1_199' title='bbox 1130 2695 1217 2754; x_wconf 77' lang='lat' dir='ltr'><em>icccc</em></span> 
     </span>
     <span class='ocr_line' id='line_1_23' title="bbox 123 2787 1217 2879; baseline -0.002 -22"><span class='ocrx_word' id='word_1_200' title='bbox 123 2817 213 2879; x_wconf 75' lang='lat' dir='ltr'><em>equos</em></span> <span class='ocrx_word' id='word_1_201' title='bbox 235 2793 391 2856; x_wconf 70' lang='lat' dir='ltr'><em>cereatui</em></span> <span class='ocrx_word' id='word_1_202' title='bbox 417 2792 580 2854; x_wconf 82' lang='lat' dir='ltr'><em>adornatos</em></span> <span class='ocrx_word' id='word_1_203' title='bbox 602 2795 709 2854; x_wconf 78' lang='lat' dir='ltr'><em>sisteret</em></span> <span class='ocrx_word' id='word_1_204' title='bbox 734 2791 755 2853; x_wconf 88' lang='lat' dir='ltr'><em>i.</em></span> <span class='ocrx_word' id='word_1_205' title='bbox 780 2812 805 2852; x_wconf 89' lang='lat' dir='ltr'><em>e.</em></span> <span class='ocrx_word' id='word_1_206' title='bbox 835 2787 884 2853; x_wconf 82' lang='lat' dir='ltr'><em>&#39;ad</em></span> <span class='ocrx_word' id='word_1_207' title='bbox 910 2797 1073 2867; x_wconf 88' lang='lat' dir='ltr'><em>venatum,</em></span> <span class='ocrx_word' id='word_1_208' title='bbox 1101 2795 1139 2854; x_wconf 90' lang='lat' dir='ltr'><em>ut</em></span> <span class='ocrx_word' id='word_1_209' title='bbox 1165 2813 1217 2855; x_wconf 87' lang='lat' dir='ltr'><em>ve·</em></span> 
     </span>
     <span class='ocr_line' id='line_1_24' title="bbox 124 2887 1218 2976; baseline 0 -20"><span class='ocrx_word' id='word_1_210' title='bbox 124 2899 221 2958; x_wconf 86' lang='lat' dir='ltr'><em>natus</em></span> <span class='ocrx_word' id='word_1_211' title='bbox 248 2895 270 2956; x_wconf 90' lang='lat' dir='ltr'><em>ii</em></span> <span class='ocrx_word' id='word_1_212' title='bbox 298 2891 450 2955; x_wconf 77' lang='lat' dir='ltr'><em>adhibitis</em></span> <span class='ocrx_word' id='word_1_213' title='bbox 476 2887 554 2954; x_wconf 81' lang='lat' dir='ltr'><em>fiat&#39;.</em></span> <span class='ocrx_word' id='word_1_214' title='bbox 592 2929 632 2938; x_wconf 93' lang='lat'>—</span> <span class='ocrx_word' id='word_1_215' title='bbox 671 2891 735 2956; x_wconf 86' lang='lat' dir='ltr'><em>Au.</em></span> <span class='ocrx_word' id='word_1_216' title='bbox 763 2889 826 2952; x_wconf 89' lang='lat' dir='ltr'><em>XII</em></span> <span class='ocrx_word' id='word_1_217' title='bbox 855 2892 912 2965; x_wconf 87' lang='grc'><em>69,</em></span> <span class='ocrx_word' id='word_1_218' title='bbox 943 2893 962 2954; x_wconf 90' lang='grc'><strong>3</strong></span> <span class='ocrx_word' id='word_1_219' title='bbox 991 2891 1077 2956; x_wconf 89' lang='lat' dir='ltr'><em>Nero</em></span> <span class='ocrx_word' id='word_1_220' title='bbox 1100 2895 1218 2976; x_wconf 70' lang='grc'>1911111-</span> 
     </span>
     <span class='ocr_line' id='line_1_25' title="bbox 123 2992 1287 3077; baseline -0.001 -19"><span class='ocrx_word' id='word_1_221' title='bbox 123 2998 209 3058; x_wconf 88' lang='lat' dir='ltr'><em>ditur</em></span> <span class='ocrx_word' id='word_1_222' title='bbox 238 2997 278 3056; x_wconf 86' lang='lat' dir='ltr'><em>ud</em></span> <span class='ocrx_word' id='word_1_223' title='bbox 307 2994 463 3064; x_wconf 80' lang='lat' dir='ltr'><em>cohortem,</em></span> <span class='ocrx_word' id='word_1_224' title='bbox 498 3013 565 3077; x_wconf 79' lang='lat' dir='ltr'><em>qua</em></span> <span class='ocrx_word' id='word_1_225' title='bbox 586 3015 667 3056; x_wconf 80' lang='lat' dir='ltr'><em>neore</em></span> <span class='ocrx_word' id='word_1_226' title='bbox 690 2992 805 3054; x_wconf 82' lang='lat' dir='ltr'><em>militia</em></span> <span class='ocrx_word' id='word_1_227' title='bbox 828 2993 1001 3056; x_wconf 79' lang='lat' dir='ltr'><em>eucrrbiia</em></span> <span class='ocrx_word' id='word_1_228' title='bbox 1022 2995 1116 3068; x_wconf 79' lang='lat' dir='ltr'><em>adest,</em></span> <span class='ocrx_word' id='word_1_229' title='bbox 1133 2993 1165 3057; x_wconf 84' lang='grc'><em>’1.</em></span> <span class='ocrx_word' id='word_1_230' title='bbox 1189 3015 1216 3062; x_wconf 83' lang='grc' dir='ltr'>θ.</span> <span class='ocrx_word' id='word_1_231' title='bbox 1285 3069 1287 3072; x_wconf 23' lang='grc' dir='ltr'>Ι</span> 
     </span>
     <span class='ocr_line' id='line_1_26' title="bbox 123 3089 1218 3169; baseline -0.001 -10"><span class='ocrx_word' id='word_1_232' title='bbox 123 3092 174 3159; x_wconf 86' lang='lat' dir='ltr'><em>&#39;ad</em></span> <span class='ocrx_word' id='word_1_233' title='bbox 201 3093 349 3158; x_wconf 82' lang='lat' dir='ltr'><em>excubias</em></span> <span class='ocrx_word' id='word_1_234' title='bbox 376 3089 564 3165; x_wconf 87' lang='lat' dir='ltr'><em>habendas&#39;;</em></span> <span class='ocrx_word' id='word_1_235' title='bbox 592 3092 632 3156; x_wconf 88' lang='lat' dir='ltr'><em>cf.</em></span> <span class='ocrx_word' id='word_1_236' title='bbox 661 3092 725 3156; x_wconf 90' lang='lat' dir='ltr'><em>An.</em></span> <span class='ocrx_word' id='word_1_237' title='bbox 754 3091 800 3155; x_wconf 86' lang='lat' dir='ltr'><em>IV</em></span> <span class='ocrx_word' id='word_1_238' title='bbox 817 3093 874 3169; x_wconf 82' lang='grc'><em>72,</em></span> <span class='ocrx_word' id='word_1_239' title='bbox 900 3093 953 3156; x_wconf 92' lang='grc'><em>13.</em></span> <span class='ocrx_word' id='word_1_240' title='bbox 981 3129 1032 3143; x_wconf 89' lang='lat'><em>-·-</em></span> <span class='ocrx_word' id='word_1_241' title='bbox 1058 3093 1120 3158; x_wconf 90' lang='lat' dir='ltr'><em>An.</em></span> <span class='ocrx_word' id='word_1_242' title='bbox 1137 3092 1218 3158; x_wconf 88' lang='lat' dir='ltr'>XIII</span> 
     </span>
     <span class='ocr_line' id='line_1_27' title="bbox 123 3195 1217 3280; baseline 0.003 -22"><span class='ocrx_word' id='word_1_243' title='bbox 123 3197 182 3271; x_wconf 90' lang='grc'><em>25,</em></span> <span class='ocrx_word' id='word_1_244' title='bbox 213 3196 233 3257; x_wconf 90' lang='grc'>4</span> <span class='ocrx_word' id='word_1_245' title='bbox 268 3195 477 3258; x_wconf 74' lang='lat' dir='ltr'><em>concitantibus</em></span> <span class='ocrx_word' id='word_1_246' title='bbox 504 3196 558 3279; x_wconf 80' lang='lat' dir='ltr'><em>qui</em></span> <span class='ocrx_word' id='word_1_247' title='bbox 585 3206 725 3278; x_wconf 76' lang='lat' dir='ltr'><em>raperent</em></span> <span class='ocrx_word' id='word_1_248' title='bbox 756 3195 972 3258; x_wconf 84' lang='lat' dir='ltr'><em>venditioni</em></span> <span class='ocrx_word' id='word_1_249' title='bbox 993 3199 1129 3280; x_wconf 80' lang='lat' dir='ltr'><em>reposita</em></span> <span class='ocrx_word' id='word_1_250' title='bbox 1151 3215 1217 3278; x_wconf 74' lang='lat' dir='ltr'><em>cqc.</em></span> 
     </span>
     <span class='ocr_line' id='line_1_28' title="bbox 122 3286 1215 3371; baseline -0.001 -11"><span class='ocrx_word' id='word_1_251' title='bbox 122 3298 144 3359; x_wconf 94' lang='lat' dir='ltr'><em>i.</em></span> <span class='ocrx_word' id='word_1_252' title='bbox 161 3317 190 3360; x_wconf 86' lang='lat' dir='ltr'><em>e.</em></span> <span class='ocrx_word' id='word_1_253' title='bbox 212 3292 258 3358; x_wconf 85' lang='lat' dir='ltr'><em>&#39;ut</em></span> <span class='ocrx_word' id='word_1_254' title='bbox 284 3294 424 3358; x_wconf 89' lang='lat' dir='ltr'><em>venditio</em></span> <span class='ocrx_word' id='word_1_255' title='bbox 449 3293 550 3371; x_wconf 88' lang='lat' dir='ltr'><em>fieret,</em></span> <span class='ocrx_word' id='word_1_256' title='bbox 578 3299 615 3357; x_wconf 91' lang='lat' dir='ltr'><em>ut</em></span> <span class='ocrx_word' id='word_1_257' title='bbox 634 3286 866 3357; x_wconf 84' lang='lat' dir='ltr'><em>venderentur&#39;.</em></span> <span class='ocrx_word' id='word_1_258' title='bbox 888 3333 927 3342; x_wconf 93' lang='lat'><strong>—</strong></span> <span class='ocrx_word' id='word_1_259' title='bbox 945 3303 1008 3358; x_wconf 91' lang='lat' dir='ltr'><em>An.</em></span> <span class='ocrx_word' id='word_1_260' title='bbox 1026 3293 1106 3358; x_wconf 90' lang='lat' dir='ltr'>XIII</span> <span class='ocrx_word' id='word_1_261' title='bbox 1120 3295 1178 3371; x_wconf 84' lang='lat'><em>26,</em></span> <span class='ocrx_word' id='word_1_262' title='bbox 1196 3297 1215 3359; x_wconf 85' lang='lat'>9</span> 
     </span>
     <span class='ocr_line' id='line_1_29' title="bbox 122 3393 1218 3467; baseline -0.002 -6"><span class='ocrx_word' id='word_1_263' title='bbox 122 3423 158 3461; x_wconf 84' lang='lat' dir='ltr'><em>ac</em></span> <span class='ocrx_word' id='word_1_264' title='bbox 181 3397 401 3460; x_wconf 82' lang='lat' dir='ltr'><em>uerberibus</em></span> <span class='ocrx_word' id='word_1_265' title='bbox 427 3419 537 3458; x_wconf 86' lang='lat' dir='ltr'><em>manua</em></span> <span class='ocrx_word' id='word_1_266' title='bbox 565 3396 643 3459; x_wconf 87' lang='lat' dir='ltr'><em>uitro</em></span> <span class='ocrx_word' id='word_1_267' title='bbox 669 3397 864 3467; x_wconf 81' lang='lat' dir='ltr'><em>intenderent,</em></span> <span class='ocrx_word' id='word_1_268' title='bbox 895 3396 916 3458; x_wconf 92' lang='lat' dir='ltr'><em>i.</em></span> <span class='ocrx_word' id='word_1_269' title='bbox 940 3416 967 3458; x_wconf 88' lang='lat' dir='ltr'><em>e.</em></span> <span class='ocrx_word' id='word_1_270' title='bbox 996 3393 1041 3458; x_wconf 88' lang='lat' dir='ltr'><em>&#39;ut</em></span> <span class='ocrx_word' id='word_1_271' title='bbox 1073 3395 1218 3459; x_wconf 79' lang='lat' dir='ltr'><em>verberu-</em></span> 
     </span>
     <span class='ocr_line' id='line_1_30' title="bbox 121 3493 1214 3580; baseline -0.003 -19"><span class='ocrx_word' id='word_1_272' title='bbox 121 3501 208 3573; x_wconf 89' lang='lat' dir='ltr'><em>rent,</em></span> <span class='ocrx_word' id='word_1_273' title='bbox 237 3500 273 3560; x_wconf 90' lang='lat' dir='ltr'><em>ut</em></span> <span class='ocrx_word' id='word_1_274' title='bbox 287 3496 467 3559; x_wconf 85' lang='lat' dir='ltr'><em>verberibus</em></span> <span class='ocrx_word' id='word_1_275' title='bbox 493 3493 711 3579; x_wconf 78' lang='lat' dir='ltr'><em>castigarent.</em></span> <span class='ocrx_word' id='word_1_276' title='bbox 753 3494 800 3560; x_wconf 83' lang='lat' dir='ltr'><em>of.</em></span> <span class='ocrx_word' id='word_1_277' title='bbox 829 3500 860 3559; x_wconf 86' lang='lat' dir='ltr'><em>in</em></span> <span class='ocrx_word' id='word_1_278' title='bbox 888 3497 1018 3561; x_wconf 83' lang='lat' dir='ltr'><em>uerbera.</em></span> <span class='ocrx_word' id='word_1_279' title='bbox 1042 3493 1139 3580; x_wconf 83' lang='lat' dir='ltr'><em>Verg.</em></span> <span class='ocrx_word' id='word_1_280' title='bbox 1174 3533 1214 3546; x_wconf 90' lang='lat'>-</span> 
     </span>
     <span class='ocr_line' id='line_1_31' title="bbox 121 3596 1218 3674; baseline -0.001 -12"><span class='ocrx_word' id='word_1_281' title='bbox 121 3598 188 3662; x_wconf 85' lang='lat' dir='ltr'><em>An.</em></span> <span class='ocrx_word' id='word_1_282' title='bbox 210 3596 291 3661; x_wconf 88' lang='lat' dir='ltr'>XIII</span> <span class='ocrx_word' id='word_1_283' title='bbox 316 3597 372 3674; x_wconf 84' lang='lat'><em>32,</em></span> <span class='ocrx_word' id='word_1_284' title='bbox 399 3596 414 3658; x_wconf 92' lang='grc'><em>1</em></span> <span class='ocrx_word' id='word_1_285' title='bbox 445 3597 571 3659; x_wconf 84' lang='lat' dir='ltr'><em>Factum</em></span> <span class='ocrx_word' id='word_1_286' title='bbox 593 3609 619 3659; x_wconf 90' lang='lat' dir='ltr'><em>et</em></span> <span class='ocrx_word' id='word_1_287' title='bbox 641 3609 761 3660; x_wconf 85' lang='lat' dir='ltr'><em>senatus</em></span> <span class='ocrx_word' id='word_1_288' title='bbox 783 3599 948 3660; x_wconf 78' lang='lat' dir='ltr'><em>corranitnrn</em></span> <span class='ocrx_word' id='word_1_289' title='bbox 971 3598 1111 3660; x_wconf 79' lang='lat' dir='ltr'><em>ultioni</em></span> <span class='ocrx_word' id='word_1_290' title='bbox 1132 3599 1218 3661; x_wconf 80' lang='lat' dir='ltr'><em>iuata</em></span> 
     </span>
     <span class='ocr_line' id='line_1_32' title="bbox 120 3694 1218 3780; baseline -0.005 -16"><span class='ocrx_word' id='word_1_291' title='bbox 120 3711 148 3764; x_wconf 91' lang='lat' dir='ltr'><em>et</em></span> <span class='ocrx_word' id='word_1_292' title='bbox 174 3723 209 3762; x_wconf 82' lang='lat' dir='ltr'><em>ce</em></span> <span class='ocrx_word' id='word_1_293' title='bbox 222 3701 398 3773; x_wconf 73' lang='lat' dir='ltr'><em>caecitati,</em></span> <span class='ocrx_word' id='word_1_294' title='bbox 420 3711 452 3760; x_wconf 90' lang='lat' dir='ltr'><em>ut</em></span> <span class='ocrx_word' id='word_1_295' title='bbox 473 3717 539 3780; x_wconf 86' lang='lat' dir='ltr'><em>eqs.</em></span> <span class='ocrx_word' id='word_1_296' title='bbox 561 3699 581 3760; x_wconf 92' lang='lat' dir='ltr'><em>i.</em></span> <span class='ocrx_word' id='word_1_297' title='bbox 593 3719 620 3762; x_wconf 91' lang='lat' dir='ltr'><em>e.</em></span> <span class='ocrx_word' id='word_1_298' title='bbox 635 3694 683 3761; x_wconf 86' lang='lat' dir='ltr'><em>&#39;ad</em></span> <span class='ocrx_word' id='word_1_299' title='bbox 699 3697 852 3760; x_wconf 81' lang='lat' dir='ltr'><em>ultionem</em></span> <span class='ocrx_word' id='word_1_300' title='bbox 873 3701 904 3760; x_wconf 87' lang='lat' dir='ltr'><em>et</em></span> <span class='ocrx_word' id='word_1_301' title='bbox 926 3697 1128 3762; x_wconf 84' lang='lat' dir='ltr'><em>securitatem</em></span> <span class='ocrx_word' id='word_1_302' title='bbox 1152 3717 1218 3762; x_wconf 89' lang='lat' dir='ltr'><em>ser-</em></span> 
     </span>
     <span class='ocr_line' id='line_1_33' title="bbox 119 3795 1216 3875; baseline -0.003 -12"><span class='ocrx_word' id='word_1_303' title='bbox 119 3799 257 3873; x_wconf 87' lang='lat' dir='ltr'><em>vandas,</em></span> <span class='ocrx_word' id='word_1_304' title='bbox 286 3805 322 3862; x_wconf 83' lang='lat' dir='ltr'><em>ut</em></span> <span class='ocrx_word' id='word_1_305' title='bbox 338 3799 418 3862; x_wconf 91' lang='lat' dir='ltr'><em>ultio</em></span> <span class='ocrx_word' id='word_1_306' title='bbox 443 3801 476 3860; x_wconf 89' lang='lat' dir='ltr'><em>et</em></span> <span class='ocrx_word' id='word_1_307' title='bbox 502 3799 655 3862; x_wconf 89' lang='lat' dir='ltr'><em>securitas</em></span> <span class='ocrx_word' id='word_1_308' title='bbox 681 3795 904 3862; x_wconf 63' lang='lat' dir='ltr'><em>servarentur.</em></span> <span class='ocrx_word' id='word_1_309' title='bbox 924 3835 969 3846; x_wconf 84' lang='lat'>—</span> <span class='ocrx_word' id='word_1_310' title='bbox 983 3797 1046 3861; x_wconf 89' lang='lat' dir='ltr'><em>Au.</em></span> <span class='ocrx_word' id='word_1_311' title='bbox 1064 3795 1143 3860; x_wconf 91' lang='lat' dir='ltr'>XIII</span> <span class='ocrx_word' id='word_1_312' title='bbox 1159 3799 1216 3875; x_wconf 76' lang='lat' dir='ltr'><em>to,</em></span> 
     </span>
     <span class='ocr_line' id='line_1_34' title="bbox 122 3902 1218 3985; baseline -0.005 -20"><span class='ocrx_word' id='word_1_313' title='bbox 122 3904 142 3965; x_wconf 90' lang='grc'><strong>6</strong></span> <span class='ocrx_word' id='word_1_314' title='bbox 174 3923 236 3964; x_wconf 87' lang='lat' dir='ltr'><em>non</em></span> <span class='ocrx_word' id='word_1_315' title='bbox 264 3902 370 3983; x_wconf 65' lang='lat' dir='ltr'><em>ignoro</em></span> <span class='ocrx_word' id='word_1_316' title='bbox 396 3902 469 3962; x_wconf 87' lang='lat' dir='ltr'><em>duce</em></span> <span class='ocrx_word' id='word_1_317' title='bbox 491 3911 601 3976; x_wconf 77' lang='lat' dir='ltr'><em>nostro,</em></span> <span class='ocrx_word' id='word_1_318' title='bbox 625 3902 765 3984; x_wconf 80' lang='lat' dir='ltr'><em>quirice</em></span> <span class='ocrx_word' id='word_1_319' title='bbox 790 3903 907 3985; x_wconf 88' lang='lat' dir='ltr'><em>pariter</em></span> <span class='ocrx_word' id='word_1_320' title='bbox 929 3910 956 3961; x_wconf 88' lang='lat' dir='ltr'><em>et</em></span> <span class='ocrx_word' id='word_1_321' title='bbox 979 3921 1116 3985; x_wconf 72' lang='lat' dir='ltr'><em>peyna</em></span> <span class='ocrx_word' id='word_1_322' title='bbox 1138 3921 1218 3962; x_wconf 77' lang='lat' dir='ltr'><em>corre·</em></span> 
     </span>
     <span class='ocr_line' id='line_1_35' title="bbox 115 3993 1213 4087; baseline -0.002 -23"><span class='ocrx_word' id='word_1_323' title='bbox 115 4013 268 4087; x_wconf 80' lang='lat' dir='ltr'><em>posrcerat</em></span> <span class='ocrx_word' id='word_1_324' title='bbox 290 4003 464 4064; x_wconf 79' lang='lat' dir='ltr'><em>euerriturn.</em></span> <span class='ocrx_word' id='word_1_325' title='bbox 507 3998 554 4063; x_wconf 80' lang='lat' dir='ltr'><em>Of.</em></span> <span class='ocrx_word' id='word_1_326' title='bbox 583 4003 687 4063; x_wconf 87' lang='lat' dir='ltr'><em>itineri</em></span> <span class='ocrx_word' id='word_1_327' title='bbox 712 4011 738 4062; x_wconf 86' lang='lat' dir='ltr'><em>rt</em></span> <span class='ocrx_word' id='word_1_328' title='bbox 755 4000 871 4084; x_wconf 85' lang='lat' dir='ltr'><em>proelio</em></span> <span class='ocrx_word' id='word_1_329' title='bbox 897 3997 960 4064; x_wconf 84' lang='lat' dir='ltr'><em>An.</em></span> <span class='ocrx_word' id='word_1_330' title='bbox 990 3999 1004 4062; x_wconf 94' lang='grc' dir='ltr'>Ι</span> <span class='ocrx_word' id='word_1_331' title='bbox 1033 3999 1090 4074; x_wconf 89' lang='grc'><em>51,</em></span> <span class='ocrx_word' id='word_1_332' title='bbox 1108 4000 1140 4062; x_wconf 87' lang='grc'><em>9.</em></span> <span class='ocrx_word' id='word_1_333' title='bbox 1175 3993 1213 4048; x_wconf 61' lang='grc' dir='ltr'><em>έ-</em></span> 
     </span>
     <span class='ocr_line' id='line_1_36' title="bbox 121 4099 1218 4187; baseline -0.004 -21"><span class='ocrx_word' id='word_1_334' title='bbox 121 4103 187 4166; x_wconf 88' lang='lat' dir='ltr'><em>Au.</em></span> <span class='ocrx_word' id='word_1_335' title='bbox 218 4100 294 4165; x_wconf 91' lang='lat' dir='ltr'><em>XIV</em></span> <span class='ocrx_word' id='word_1_336' title='bbox 323 4102 354 4176; x_wconf 91' lang='lat'><em>3,</em></span> <span class='ocrx_word' id='word_1_337' title='bbox 387 4101 426 4162; x_wconf 93' lang='lat' dir='ltr'><em>Il</em></span> <span class='ocrx_word' id='word_1_338' title='bbox 465 4109 494 4165; x_wconf 85' lang='lat' dir='ltr'><em>ei</em></span> <span class='ocrx_word' id='word_1_339' title='bbox 530 4124 566 4163; x_wconf 88' lang='lat' dir='ltr'><em>ne</em></span> <span class='ocrx_word' id='word_1_340' title='bbox 594 4105 662 4186; x_wconf 83' lang='lat' dir='ltr'><em>quis</em></span> <span class='ocrx_word' id='word_1_341' title='bbox 694 4101 740 4164; x_wconf 86' lang='lat' dir='ltr'><em>iiii</em></span> <span class='ocrx_word' id='word_1_342' title='bbox 772 4111 853 4162; x_wconf 85' lang='lat' dir='ltr'><em>tanto</em></span> <span class='ocrx_word' id='word_1_343' title='bbox 878 4100 1060 4187; x_wconf 83' lang='lat' dir='ltr'><em>facinori</em></span> <span class='ocrx_word' id='word_1_344' title='bbox 1091 4099 1218 4164; x_wconf 84' lang='lat' dir='ltr'><em>deiectus</em></span> 
     </span>
    </p>
   </div>
   <div class='ocr_carea' id='block_1_4' title="bbox 119 4198 1218 4380">
    <p class='ocr_par' dir='ltr' id='par_1_4' title="bbox 119 4198 1218 4380">
     <span class='ocr_line' id='line_1_37' title="bbox 119 4198 1218 4298; baseline -0.002 -32"><span class='ocrx_word' id='word_1_345' title='bbox 119 4206 209 4266; x_wconf 78' lang='lat' dir='ltr'><em>iresca</em></span> <span class='ocrx_word' id='word_1_346' title='bbox 232 4213 384 4288; x_wconf 82' lang='lat' dir='ltr'><em>sperneret</em></span> <span class='ocrx_word' id='word_1_347' title='bbox 406 4201 572 4265; x_wconf 82' lang='lat' dir='ltr'><em>metuebant</em></span> <span class='ocrx_word' id='word_1_348' title='bbox 598 4203 619 4264; x_wconf 92' lang='lat' dir='ltr'><em>i.</em></span> <span class='ocrx_word' id='word_1_349' title='bbox 643 4223 668 4265; x_wconf 88' lang='lat' dir='ltr'><em>e.</em></span> <span class='ocrx_word' id='word_1_350' title='bbox 698 4198 746 4265; x_wconf 82' lang='lat' dir='ltr'><em>’ad</em></span> <span class='ocrx_word' id='word_1_351' title='bbox 774 4199 851 4263; x_wconf 82' lang='lat' dir='ltr'><em>iliud</em></span> <span class='ocrx_word' id='word_1_352' title='bbox 877 4205 1007 4298; x_wconf 86' lang='lat' dir='ltr'><em>tantum</em></span> <span class='ocrx_word' id='word_1_353' title='bbox 1034 4199 1158 4264; x_wconf 85' lang='lat' dir='ltr'><em>fucinus</em></span> <span class='ocrx_word' id='word_1_354' title='bbox 1172 4199 1218 4264; x_wconf 82' lang='lat' dir='ltr'><em>ei·</em></span> 
     </span>
     <span class='ocr_line' id='line_1_38' title="bbox 120 4297 1214 4380; baseline -0.002 -14"><span class='ocrx_word' id='word_1_355' title='bbox 120 4303 308 4380; x_wconf 84' lang='lat' dir='ltr'><em>ficicndum,</em></span> <span class='ocrx_word' id='word_1_356' title='bbox 337 4305 374 4366; x_wconf 86' lang='grc'><em>111</em></span> <span class='ocrx_word' id='word_1_357' title='bbox 401 4302 421 4366; x_wconf 84' lang='grc'><em>1.</em></span> <span class='ocrx_word' id='word_1_358' title='bbox 449 4305 474 4366; x_wconf 87' lang='grc'><em>1.</em></span> <span class='ocrx_word' id='word_1_359' title='bbox 503 4302 627 4367; x_wconf 79' lang='lat' dir='ltr'><em>facinus</em></span> <span class='ocrx_word' id='word_1_360' title='bbox 654 4297 851 4366; x_wconf 79' lang='lat' dir='ltr'><em>efficeretur’.</em></span> <span class='ocrx_word' id='word_1_361' title='bbox 893 4301 940 4368; x_wconf 79' lang='lat' dir='ltr'><em>ot.</em></span> <span class='ocrx_word' id='word_1_362' title='bbox 969 4297 1010 4364; x_wconf 75' lang='grc' dir='ltr'>Η.</span> <span class='ocrx_word' id='word_1_363' title='bbox 1032 4300 1079 4366; x_wconf 89' lang='lat' dir='ltr'><em>IV</em></span> <span class='ocrx_word' id='word_1_364' title='bbox 1108 4301 1165 4377; x_wconf 88' lang='lat'><em>81,</em></span> <span class='ocrx_word' id='word_1_365' title='bbox 1184 4301 1214 4364; x_wconf 90' lang='lat'><em>8.</em></span> 
     </span>
    </p>
   </div>
   <div class='ocr_carea' id='block_1_5' title="bbox 0 0 1612 5022">
    <p class='ocr_par' dir='ltr' id='par_1_5' title="bbox 0 0 1612 5022">
     <span class='ocr_line' id='line_1_39' title="bbox 0 0 1612 5022; baseline 0 1"><span class='ocrx_word' id='word_1_366' title='bbox 0 0 1612 5022; x_wconf 95' lang='lat' dir='ltr'><em> </em></span> 
     </span>
    </p>
   </div>
  </div>
 </body>
</html>
