3214 5022
251 1503 429 1570 Cornelium
456 1504 604 1570 Tacitum
631 1525 731 1588 quum
762 1508 796 1570 in
824 1507 906 1570 aliis·
922 1509 1141 1589 grammaticis
1170 1509 1270 1572 ratio·
1311 1583 1313 1590 Ι

177 1604 270 1668 nibus
297 1607 463 1688 permultis
491 1607 532 1670 ab
559 1629 618 1670 usu
644 1608 838 1689 optimorum
864 1607 1055 1689 scriptorum
1077 1608 1130 1672 'vel
1148 1630 1268 1685 eorum,

176 1707 231 1788 qui
267 1728 379 1783 aureae,
410 1728 507 1790 quam
540 1713 665 1784 vocant,
696 1713 774 1772 sunt
799 1708 916 1783 aetatis,
951 1708 1104 1785 recedere,
1132 1714 1213 1786 tum,
1242 1711 1270 1774 si
1317 1761 1319 1766 .

176 1809 356 1890 quaerimus,
393 1829 491 1890 quam
517 1809 550 1872 iu
576 1830 637 1870 usu
664 1804 764 1872 dativi
792 1809 908 1884 finalis,
944 1810 999 1892 qui
1024 1808 1150 1886 dicitnr,
1185 1811 1269 1875 viam

178 1931 214 1971 ac
245 1909 402 1972 rationem
434 1915 561 1972 secutus
588 1911 640 1984 sit,
675 1910 762 1972 ultra
790 1931 883 1972 usum
910 1910 1050 1990 priorum
1077 1912 1269 1992 scriptorum

178 2029 379 2092 progressum
412 2031 471 2072 sua
502 2015 535 2072 et
565 2011 693 2092 propria
726 2011 905 2091 protulisse,
933 2010 966 2084 ii,
999 2011 1054 2092 qui
1082 2012 1116 2074 iu
1142 2013 1269 2096 scriptis

177 2110 244 2172 eius
271 2109 520 2193 interpretandis
548 2111 595 2174 vel
622 2111 656 2174 in
682 2117 751 2174 arte
778 2111 991 2194 grammatica
1017 2109 1126 2174 latinae
1154 2112 1271 2196 linguae

178 2211 406 2292 pertractanda
431 2211 549 2274 versati
576 2216 664 2287 sunt,
692 2213 757 2276 iam
785 2211 869 2275 haud
896 2231 969 2274 raro
985 2208 1268 2300 contenderem).

179 2307 290 2392 Neque
316 2319 437 2386 tamen,
466 2312 549 2394 quod
576 2312 684 2382 sciam,
712 2313 882 2395 qnisquam
908 2311 1062 2376 orationis
1089 2313 1268 2396 geunsTa·
1296 2309 1300 2316 ’

178 2413 293 2474 eiteum
321 2413 381 2476 hae
413 2433 452 2474 ex
479 2418 571 2494 parte
598 2414 753 2495 copiosius
780 2413 1021 2494 accuratiusque
1050 2418 1268 2496 perscrutatus

178 2517 236 2574 est.
289 2511 390 2594 Atqui
420 2513 479 2578 hac
504 2519 609 2590 aetate,
644 2535 742 2597 quum
774 2515 807 2576 in
835 2512 955 2576 dicendi
984 2533 1098 2595 genere
1124 2515 1269 2598 singulo·

179 2635 248 2676 rum
276 2613 466 2696 scriptorum
492 2619 525 2676 et
550 2635 725 2698 graecorum
751 2619 782 2676 et
810 2614 983 2696 latinorum
1002 2615 1100 2676 etiam
1128 2617 1269 2679 minimis

178 2735 216 2775 ex
249 2713 394 2796 partibus
427 2715 654 2796 perscrutando
686 2719 718 2777 et
750 2713 962 2788 examinando
994 2713 1077 2776 docti
1109 2716 1169 2778 viri
1196 2716 1269 2778 dili·

180 2815 365 2897 gentissime
392 2821 561 2878 versantur
587 2835 809 2896 summumque
828 2817 1018 2876 consumunt
1042 2814 1192 2891 laborem,
1220 2835 1267 2891 ac,

180 2915 205 2978 si
242 2915 325 2979 hunc
357 2917 461 2998 ipsum
488 2916 671 2998 scriptorem
700 2915 894 2997 respicimus,
932 2913 969 2976 de
995 2913 1140 2995 plurimis
1166 2917 1270 2999 parti·

180 3015 238 3078 bus
271 3016 492 3098 capitibusque
519 3003 717 3080 ¹elocutionis
749 3016 815 3078 eius
848 3019 896 3078 est
933 3013 1148 3096 disputatum,
1184 3017 1268 3082 haud

181 3116 320 3179 alienum
346 3117 425 3180 mihi
453 3117 630 3193 videbatur,
653 3119 678 3180 si
706 3117 780 3202 quid
808 3138 847 3180 ex
873 3137 933 3178 usu
960 3115 1059 3178 dativi
1087 3137 1178 3180 casus
1204 3117 1268 3180 Ta-

182 3217 262 3280 oiteo
295 3217 428 3280 aliorum
457 3218 657 3299 scriptorum,
691 3219 745 3282 ubi
774 3225 885 3300 aptum
915 3212 1089 3290 videbatun
1117 3219 1269 3282 instituta

182 3318 427 3400 comparatione,
457 3319 489 3380 in
518 3317 654 3381 medium
680 3319 863 3402 proferrem.
899 3319 947 3380 Ac
973 3337 1050 3380 sane
1075 3339 1176 3400 operae
1197 3339 1269 3400 pre·
1341 3403 1342 3409 ἵ

181 3419 262 3480 tium
288 3419 467 3500 putandum
494 3423 544 3482 est
568 3440 765 3503 cognoscere,
794 3439 863 3501 quae
890 3417 942 3480 hic
967 3417 1112 3498 scriptor,
1141 3419 1270 3483 acuius

182 3519 338 3582 scribendi
375 3540 492 3604 genere
523 3523 625 3583 omnis
657 3521 822 3584 temeritas
853 3519 1006 3581 orationis
1040 3517 1185 3582 videatur
1213 3518 1270 3582 ab·

184 3620 318 3693 horrere,
359 3621 392 3682 iu
430 3643 468 3684 ea
507 3621 720 3702 grammatica
753 3622 887 3692 ratione,
928 3619 960 3682 in
993 3640 1057 3700 qua
1083 3641 1102 3682 a
1129 3619 1270 3702 priorum

183 3720 372 3802 scriptorum
406 3721 528 3786 dicendi
562 3720 788 3784 consuetudine
816 3741 887 3783 eum
917 3718 1023 3802 procul
1051 3718 1160 3784 abesse
1187 3721 1272 3784 inter

182 3841 291 3884 omnes
324 3826 461 3900 constat,
495 3826 552 3884 aut
578 3822 617 3885 ad
644 3821 885 3885 similitudinem
912 3819 1045 3883 aliorum
1072 3819 1188 3886 dixerit
1215 3826 1273 3886 aut

235 4001 258 4063 ¹)
276 4003 330 4052 Hic
348 4006 417 4054 satis
444 4004 498 4054 erit
524 4004 651 4055 attulisse
679 4021 719 4066 ea,
747 4021 806 4068 quae
825 4003 895 4053 dicit
912 4004 1072 4065 Draeger,
1099 4003 1273 4056 Historisehe

184 4088 288 4150 Syntax
315 4087 365 4135 der
390 4087 587 4138 Latcinischen
605 4089 756 4151 Spraehel
783 4087 912 4151 [Zweiter
934 4087 1024 4136 Theil:
1052 4086 1151 4136 Zweite
1169 4089 1273 4151 Hatita,

184 4171 297 4234 Leipzig
315 4167 394 4232 1874]
420 4185 446 4232 p.
470 4172 526 4220 406.
561 4172 601 4220 De
620 4173 713 4222 dativo
732 4171 817 4232 finali,
845 4171 893 4233 qui
911 4175 1032 4231 vocatur,
1060 4170 1197 4222 disserens
1215 4173 1274 4223 haec

185 4254 270 4303 habet
287 4255 385 4304 verba:
408 4255 457 4304 «In
475 4255 570 4304 diesen
587 4255 707 4305 freieren
725 4255 937 4317 Anwenduugsn
954 4254 1003 4303 des
1023 4253 1119 4304 Datim
1136 4256 1203 4318 geht
1220 4257 1275 4306 Ta·

186 4337 275 4386 citus
292 4351 346 4387 von
363 4339 438 4388 allen
454 4337 672 4388 Schrittstellern
690 4353 733 4387 am
752 4338 919 4388 weitestenr.

1160 4426 1172 4473 1
