3214 5022
367 483 405 536 26

321 647 386 714 XII
414 651 471 726 45,
500 650 520 714 5
545 617 709 736 proelianti
729 649 789 712 eibi
809 651 954 712 adversus
975 672 1075 734 reyem
1097 649 1285 715 Albanorum
1301 663 1329 716 et
1351 651 1419 716 Ro·

322 775 427 815 murcos
456 752 608 814 auxilio
642 751 760 813 coeunti
788 751 918 830 fratrem
944 750 1137 813 adver-coium
1158 771 1224 832 equ.
1277 751 1343 818 Au.
1368 751 1419 816 VI

314 851 356 928 ’2,
388 852 428 914 11
459 851 636 916 Crediderat
657 852 804 913 nimirum
836 849 972 934 epistole
1004 851 1114 914 sutri
1120 853 1142 913 d
1149 855 1183 916 io
1208 853 1268 916 sibi
1288 853 1418 918 alterum

318 975 359 1016 es
379 953 549 1016 conectitur
567 954 728 1039 poscentis,
748 963 783 1014 ut
803 971 870 1032 eqs.

769 1165 969 1176 ——-——

487 1565 490 1570 ·
549 1549 584 1632 ΙΙ.
637 1550 690 1630 ne
716 1551 845 1632 dativo
871 1548 972 1630 iunii
1000 1551 1193 1634 uuniuuu.

394 1741 458 1808 Sub
491 1741 549 1806 hoc
581 1745 709 1808 nomine
742 1765 793 1808 eos
819 1743 946 1807 dativos
972 1744 1197 1821 tractabimus,
1225 1744 1341 1827 quibus
1368 1765 1419 1808 res

318 1843 465 1926 quiedam
494 1844 618 1928 agenda
645 1845 885 1910 demonstretur
911 1844 961 1908 vel
988 1844 1155 1908 consilium
1175 1866 1231 1908 seu
1249 1843 1324 1908 finis
1344 1865 1419 1927 pro-

319 1944 442 2028 positus
469 1944 635 2009 indicetur.
675 1945 927 2030 Angustissimis
955 1944 1072 2009 tinibus
1100 1944 1195 2010 buius
1215 1945 1317 2010 dntiui
1341 1967 1419 2010 usus

318 2044 403 2128 apud
429 2046 564 2129 optimos
591 2048 759 2130 scriptores
772 2045 1054 2122 circumscribitur,
1083 2047 1168 2129 apud
1182 2046 1418 2110 Tacitumvero

315 2146 449 2210 omnino
481 2167 544 2210 non
576 2149 663 2230 prius
695 2151 805 2212 tamen
841 2167 940 2228 quam
980 2148 1013 2210 in
1047 2148 1231 2212 Annalibus
1263 2147 1417 2212 latissime

319 2251 421 2330 petet.

362 2463 388 2524 1.
433 2459 478 2528 ns
501 2476 541 2529 so
564 2459 658 2530 buius
682 2459 781 2528 dativi
805 2477 876 2543 usu,
905 2459 957 2546 qui
981 2459 1098 2530 Tacito
1122 2475 1194 2529 cun
1219 2459 1382 2546 prioribus

611 2561 832 2647 scriptoribus
856 2561 910 2630 ssi
931 2562 1123 2631 eommunis.

395 2715 535 2781 Primum
563 2719 664 2803 igitur
692 2741 795 2802 peuce
822 2721 961 2784 dicemus
988 2720 1026 2783 de
1053 2741 1089 2783 eo
1115 2741 1185 2798 usu,
1215 2719 1249 2782 in
1275 2741 1339 2803 qno
1355 2717 1419 2784 Ta-

317 2820 403 2883 citus
430 2821 568 2884 menime
597 2822 738 2902 priorum
765 2823 957 2904 scriptorum
985 2819 1128 2904 vestigiis
1155 2819 1344 2906 ingreditur.

395 2975 427 3020 u.
467 2953 680 3040 Coniungitur
714 2956 764 3020 bic
796 2956 924 3020 dativus
957 2977 1029 3018 cum
1055 2955 1278 3030 locutionibus,
1306 2955 1417 3038 quales

318 3057 397 3118 sunt
423 3056 547 3118 iocum
570 3079 719 3141 cepere,
743 3057 923 3142 delipere.
967 3055 1087 3120 Paucos
1121 3056 1288 3119 afferimus
1320 3056 1414 3120 locos

319 3153 361 3219 H.
389 3153 421 3219 II
450 3155 482 3231 5,
512 3155 532 3218 2
561 3156 663 3220 locum
684 3159 799 3221 caetris
822 3181 942 3244 capere.
988 3158 1051 3219 An.
1073 3153 1136 3218 XII
1158 3158 1214 3234 31,
1242 3157 1284 3220 12
1314 3157 1417 3222 iocum

315 3279 430 3344 pupnce
452 3255 598 3342 delepere.
637 3256 701 3321 An.
731 3255 795 3320 ΧΠ
824 3257 882 3335 46,
916 3259 959 3321 18
988 3259 1072 3321 diem
1100 3257 1262 3344 locumque
1288 3259 1418 3346 foederi

318 3361 449 3444 occepit.
493 3357 557 3422 Au.
584 3355 645 3421 XV
673 3359 731 3431 28,
761 3359 780 3420 5
818 3360 920 3422 locum
949 3361 1092 3444 diemque
1122 3359 1284 3446 cordequio
1301 3359 1415 3445 poscit.

320 3455 359 3522 In
387 3458 540 3541 proximis
567 3458 617 3522 his
645 3458 719 3522 iocis
747 3459 788 3523 ad
815 3460 946 3524 nominc
973 3461 1056 3523 diem
1078 3463 1112 3523 et
1126 3459 1227 3524 lucum
1249 3459 1345 3524 simul
1359 3480 1416 3522 su·

317 3557 434 3622 dienda
466 3557 592 3623 videtur
623 3559 729 3643 figura
755 3547 908 3643 'quaedem
940 3560 1029 3624 verbi
1055 3559 1216 3644 deligendi
1241 3565 1279 3626 ut
1306 3557 1416 3624 'locum

318 3657 436 3724 foederi
466 3659 621 3724 delectum
649 3660 712 3742 (vel
731 3659 858 3749 datum)
880 3658 1020 3744 accepit',
1048 3657 1160 3724 ’locum
1186 3662 1341 3744 colloquio
1363 3659 1416 3724 de-

319 3760 482 3846 ligendum
522 3759 642 3843 poscit'.
711 3759 903 3826 Conteritur
935 3762 1003 3826 biv.
1037 3759 1114 3825 XXI
1143 3763 1200 3837 53,
1232 3762 1272 3824 ll
1316 3763 1417 3827 locum

317 3863 448 3925 insidiis
470 3862 729 3948 circumspectare
750 3863 874 3926 Poenico
893 3865 994 3948 coepit
1011 3862 1128 3944 (intell.
1143 3862 1346 3946 deligendum
1367 3859 1416 3924 vel

318 3965 343 4026 t.
373 3959 435 4050 q.).
464 3999 514 4011 -
545 3959 719 4027 Translate
750 3964 782 4027 vi
813 3963 901 4026 verbi
932 3963 1049 4028 dicitur
1081 3962 1144 4026 An.
1172 3960 1251 4027 XIV
1280 3965 1337 4039 57,
1370 3961 1414 4024 14

319 4064 394 4126 dum
417 4063 585 4127 tenacitati
606 4062 707 4126 locum
729 4066 890 4151 reperiret.
919 4103 964 4114 --
996 4064 1078 4128 Tum
1106 4062 1156 4126 his
1184 4064 1258 4130 iocis
1285 4085 1342 4147 pro
1368 4084 1414 4138 ec,

316 4163 400 4247 quod
428 4171 476 4228 cst
509 4163 605 4240 locus,
642 4163 797 4228 habemus
823 4185 942 4242 vocem,
970 4185 1040 4248 quoe
1065 4169 1116 4228 est
1142 4165 1260 4230 sedes.
1311 4162 1353 4228 H.
1382 4161 1416 4227 II

322 4265 378 4338 19,
409 4266 428 4328 8
464 4267 547 4351 quod
574 4263 729 4329 colonium
759 4269 877 4330 uirium
905 4277 933 4330 et
961 4289 1057 4352 opum
1085 4266 1226 4330 calidam
1255 4267 1352 4330 robur
1379 4289 1417 4329 oc
