3214 5022
330 521 346 576 6

285 691 408 774 tusique
430 691 656 764 documentum,
683 689 749 752 Liv.
777 687 825 752 IV
853 689 946 766 37,9
976 691 1131 752 indicium
1140 692 1293 776 pm'mum,
1308 691 1375 754 Liv.

287 789 350 854 Vll
379 790 471 866 35,7
500 815 564 854 uuo
586 791 681 866 solus,
706 789 783 853 Tac.
811 787 891 872 Agr.
922 790 978 867 35,
996 792 1015 852 6
1032 785 1296 878 iuyeusdecus¹),
1313 798 1375 856 An.

287 890 336 954 ΙΙΙ
364 892 421 967 28,
453 891 496 955 16
524 893 681 955 modicum
708 891 920 954 levamentum.
973 887 1055 954 Tum
1081 893 1107 954 si
1136 893 1169 955 in
1196 893 1273 956 alios
1298 894 1378 956 locos

287 991 470 1076 diligentius
498 993 699 1074 inquirimus,
724 1011 786 1054 non
805 989 914 1054 eadem
934 1012 1061 1073 prorsus
1078 993 1202 1056 videtur
1216 993 1378 1056 sententie

286 1114 363 1169 esse,
391 1093 445 1156 ubi
471 1093 606 1174 scriptus
632 1097 681 1155 est
708 1091 924 1155 nominativus
952 1091 1014 1173 (vel
1041 1094 1253 1180 accusativus)
1283 1099 1380 1177 utque

286 1194 320 1257 in
346 1193 409 1256 illis
434 1193 521 1269 lociS,
545 1193 600 1277 qui
626 1193 770 1256 dativum
796 1193 949 1275 praebeut.
1003 1192 1192 1277 Priusquam
1213 1201 1321 1258 eutem
1341 1195 1379 1258 de

286 1294 347 1358 hac
380 1315 413 1356 re
448 1293 650 1370 disseramus,
692 1293 915 1376 inquirendum
955 1298 1004 1356 est
1038 1294 1139 1372 nobis,
1174 1317 1243 1378 quae
1269 1296 1302 1358 in
1331 1295 1379 1358 his

284 1395 412 1471 dativis,
448 1395 486 1459 de
520 1395 634 1478 quibus
670 1395 806 1480 agimus,
840 1395 942 1457 inesse
967 1395 1112 1477 putanda
1139 1396 1182 1460 sit
1209 1395 1255 1459 vis
1283 1400 1379 1480 atque

285 1495 489 1580 significatio.
1148 1487 1150 1491 Α

360 1595 591 1680 Regrediamur
617 1596 657 1659 ad
685 1596 786 1659 losum
813 1615 910 1676 supra
937 1603 1216 1660 commemoratum
1251 1598 1312 1662 cic.
1342 1598 1380 1661 de

286 1695 356 1760 rin.
384 1696 400 1758 Ι
429 1697 459 1774 l,
489 1697 546 1760 25.
599 1695 638 1759 In
665 1697 719 1760 illo
753 1695 819 1759 loeo
849 1695 945 1758 verba
972 1697 1051 1759 miti
1073 1709 1145 1760 suat
1167 1698 1323 1784 voluptati
1348 1702 1381 1762 et

284 1819 322 1860 ea
349 1819 418 1881 quae
445 1797 625 1878 praecedunt
651 1799 729 1883 quid
752 1797 810 1860 tibi
894 1844 901 1858 .
920 1797 1091 1882 uoluptatis
1114 1800 1221 1886 adfert
1252 1821 1380 1882 prorsus

286 1897 367 1961 idem
395 1897 576 1982 significare
602 1897 834 1961 concedendum
860 1901 919 1973 est,
948 1919 1047 1980 quum
1075 1900 1235 1964 artissime
1250 1901 1334 1963 inter
1347 1921 1380 1962 se

285 1999 498 2082 respondeant
523 2006 554 2061 et
581 1998 640 2067 hoc
666 1997 786 2061 dictum
813 1998 970 2084 gravioris
998 1999 1121 2062 dicendi
1140 2001 1266 2084 generis
1283 1999 1380 2064 fuisse

287 2099 440 2175 videatur,
470 2100 545 2162 illud
574 2099 725 2162 cotidiani
752 2099 905 2162 sermonis
921 2091 960 2183 ²).
1013 2098 1094 2162 Tum
1123 2099 1288 2164 afferimus
1315 2099 1378 2165 oio.

284 2199 323 2263 de
349 2199 403 2264 Or.
431 2199 463 2264 Π
491 2201 548 2276 49,
578 2201 648 2262 200
673 2201 701 2262 si
723 2201 760 2274 is,
784 2203 858 2284 qui.
872 2247 879 2261 .
894 2247 900 2260 .
915 2248 922 2261 .
938 2201 1057 2263 cluibus
1072 2201 1169 2264 soluti
1183 2204 1381 2266 existimarer
1424 2259 1427 2264 .

278 2300 395 2388 fuisse,
418 2302 521 2366 sodali
542 2324 608 2365 meo
631 2300 788 2363 ouullium
804 2301 895 2390 ferre
917 2324 979 2364 reon
996 2303 1180 2386 potuissem,
1210 2303 1263 2365 ubi
1283 2303 1379 2366 verba

285 2401 341 2465 illa
368 2403 524 2466 currilium
539 2403 630 2490 ferre
657 2400 739 2463 idem
766 2401 870 2464 valere
898 2401 989 2464 nobis
1016 2403 1195 2484 putandum
1211 2409 1260 2468 est
1283 2407 1379 2487 atque

284 2503 406 2567 eum'lc'o
437 2527 508 2568 csse.
561 2501 609 2566 Ex
637 2502 695 2564 hac
721 2502 845 2564 ratione
873 2501 950 2564 alios
977 2523 1102 2585 quoque
1128 2503 1210 2566 locos
1238 2503 1380 2588 aliasque

248 2651 250 2656 .
284 2603 455 2668 locutiones
483 2605 743 2685 interpretemur.
797 2599 880 2666 'Haeo
907 2623 956 2665 res
985 2603 1061 2666 mihi
1089 2599 1138 2667 est
1164 2604 1377 2672 delectationi.

285 2702 409 2768 solaoio'
435 2705 513 2768 nihil
542 2704 627 2768 aliud
655 2707 703 2768 est
728 2725 825 2786 quam
853 2701 926 2768 'haeo
953 2725 1003 2768 res
1032 2703 1108 2767 milui
1124 2705 1377 2782 delectationem,

285 2805 436 2868 solacium
471 2802 577 2870 uffert'
613 2806 672 2882 vel,
706 2808 743 2868 ut
775 2805 821 2868 itu
848 2805 962 2879 dicam,
990 2802 1118 2868 efficit&
1174 2801 1250 2868 'Hoo
1276 2807 1303 2868 ei
1331 2809 1379 2869 est

284 2904 406 2969 honori'
433 2906 514 2970 idem
541 2911 590 2970 est
617 2911 713 2988 atque
739 2902 806 2968 'hoc
832 2906 983 2969 honorem
999 2907 1025 2968 ei
1041 2905 1149 2982 affert,
1176 2905 1376 2969 honoreeum

286 3003 409 3084 afficit',
445 3002 644 3070 'absolutioni
680 3001 738 3068 est'
773 3005 856 3068 idem
891 3007 973 3088 quod
1001 3003 1108 3068 'efficit
1135 3005 1376 3082 absolutionem,

283 3105 382 3170 elficit
408 3111 445 3168 ut
472 3107 587 3189 aliquis
614 3102 818 3182 absolvatur',
848 3103 993 3169 'utilitati
1018 3103 1077 3184 ¹est'
1106 3105 1187 3169 idem
1207 3107 1289 3190 quod
1305 3105 1379 3172 'uti-

285 3207 409 3270 litatem
437 3203 553 3283 affert',
582 3202 693 3269 'multa
719 3205 853 3270 honesta
879 3205 977 3269 exitio
996 3203 1093 3269 fuere*
1107 3206 1190 3269 idem
1203 3207 1286 3292 quod
1303 3206 1379 3272 'exi-

282 3308 363 3371 tium
400 3307 591 3383 attulerunt,
628 3307 815 3383 effecerunt,
853 3305 892 3370 ad
921 3307 1052 3370 exitium
1089 3306 1268 3386 duxerunt,
1303 3307 1379 3372 'esse

283 3402 485 3492 miraculo'³)
512 3409 594 3471 idem
620 3407 702 3492 quod
729 3404 943 3470 'mirationem
975 3405 1098 3486 facere',
1128 3405 1205 3472 'esse
1232 3409 1376 3482 ludibrio,

335 3587 357 3649 ¹)
378 3591 500 3653 Lentonem
514 3592 653 3656 poncello
676 3596 779 3650 sictone,
798 3595 889 3656 tuccas
908 3593 1029 3640 rictorem
1047 3593 1125 3642 dcccco
1142 3595 1213 3641 citro
1233 3594 1380 3642 Romanum

282 3678 433 3737 concinnem
453 3677 563 3725 bellenti
586 3675 718 3736 (bellandi
735 3677 821 3736 Kritz,
840 3675 944 3736 Peter),
963 3681 988 3724 ct
1007 3677 1148 3737 cucullium,
1166 3679 1190 3724 si
1204 3675 1379 3740 pellerentur.

283 3759 361 3808 Hunc
379 3759 467 3806 locum
486 3760 525 3808 ita
543 3759 741 3824 intellegimus:
760 3765 863 3810 stetere
881 3775 980 3822 magno
999 3759 1092 3808 decori
1105 3759 1321 3818 victorinum.
1332 3761 1379 3810 ἐο-

281 3842 400 3906 gertra')
411 3843 528 3891 bellanti
546 3843 577 3903 (i.
597 3859 619 3893 e.
638 3843 784 3907 Agricola)
804 3849 832 3893 et
851 3843 955 3892 auxilio
974 3843 1159 3905 pugnantibus
1179 3842 1235 3902 (vel
1255 3845 1378 3894 subsidio

280 3926 395 3975 auxiliis
413 3926 534 3988 peditum
556 3927 773 3991 equitibusque).
809 3929 841 3976 In
860 3925 1043 3989 appositionis
1061 3927 1121 3975 loco
1141 3930 1285 3990 utrumque
1298 3943 1379 3976 mem·

282 4009 361 4057 brum
371 4015 413 4058 est
431 4010 558 4072 positum,
574 4015 602 4061 et
620 4011 731 4060 auditur
741 4009 920 4074 participium
931 4009 1076 4073 quoddam,
1087 4013 1117 4057 nt
1127 4013 1170 4058 est
1180 4001 1261 4058 otas..
1280 4011 1379 4060 Durior

281 4097 326 4142 est
343 4093 423 4142 huius
440 4095 494 4143 loci
514 4095 670 4158 explicatio,
691 4097 714 4145 si
733 4095 882 4144 retinemus
901 4093 1049 4144 lectionem
1068 4093 1128 4142 cod.
1147 4093 1273 4144 bellandi.

334 4173 356 4236 ²)
375 4177 415 4226 Oi.
434 4177 591 4240 Nieltnder,
614 4180 669 4228 Der
687 4179 787 4230 Factit.
810 4179 925 4228 Dstivus
944 4179 973 4228 in
992 4177 1045 4224 deu
1064 4175 1189 4227 Ciceros.
1208 4179 1290 4236 Schr,
1310 4193 1335 4240 p.
1355 4179 1378 4228 8.

333 4259 356 4321 ⁸)
377 4261 535 4310 Minucnlnm
556 4259 584 4312 in
602 4263 654 4312 hoc
672 4264 748 4313 dicto
767 4267 882 4312 nonest
901 4277 944 4312 res
963 4259 1229 4316 mirabilissimam
1242 4261 1379 4326 mirabile,

281 4347 332 4398 ssd
350 4361 399 4410 pro
418 4347 566 4409 abstracto,
585 4349 657 4412 quod
675 4347 785 4411 dicitur,
804 4347 1003 4411 accipiendum.
