3214 5022
331 511 364 562 lc

282 680 423 741 tissimus
451 681 581 764 quisquo
608 701 767 742 semorum
790 681 884 742 ctiam
907 685 1116 744 conservis
1139 682 1291 745 iadibio
1314 695 1378 758 est,

281 781 328 842 sic
350 801 414 862 eqs.
470 778 511 842 H.
541 779 573 842 11
601 780 659 855 49,
691 781 733 842 15
763 780 961 844 ambitiosius
994 783 1029 843 id
1056 784 1208 866 precibus
1230 786 1378 868 petierat,

284 903 321 942 na
343 893 561 966 amputaretur
584 892 679 966 capnt
701 881 882 944 indibria
902 881 1104 967 fntnrnm,
1130 882 1170 946 H.
1200 883 1327 960 11181,
1357 885 1379 948 4

284 983 326 1044 Id
343 981 549 1066 plerisque
572 982 761 1055 indibria,
779 981 931 1065 pluribus
953 984 1056 1046 trodio.

360 1082 529 1145 Darisni
551 1082 677 1145 aliani
698 1104 779 1144 csse
808 1081 928 1146 habent
955 1082 1104 1147 Phaedrus
1125 1091 1156 1148 et
1176 1085 1303 1168 quidem
1317 1084 1380 1149 Tu-

284 1185 365 1245 citns
394 1184 472 1266 Agr.
502 1185 559 1256 39,
589 1183 610 1244 4
638 1185 748 1246 Inerat
770 1185 960 1246 conscientia
982 1186 1139 1249 derisni
1154 1187 1286 1274 fnisse
1319 1210 1380 1248 nn-

282 1306 341 1368 666·
356 1283 481 1370 falsum
504 1307 519 1347 6
543 1283 717 1349 Germania
739 1284 944 1368 triumphum,
966 1307 1030 1367 esq.

362 1386 512 1447 [rrisni
548 1385 676 1448 atiani
710 1407 791 1448 6666
832 1391 881 1447 est
929 1387 1012 1468 apud
1050 1386 1204 1450 cessarem
1243 1387 1381 1450 Plinium

171 1503 173 1507 ’
284 1483 442 1548 Tacitum.
467 1484 546 1548 Η.Ι
576 1488 607 1560 7,
640 1487 681 1548 17
711 1488 791 1570 Ipsa
814 1497 888 1548 atas
918 1485 1027 1550 Galba
1050 1490 1203 1552 inrisui
1225 1513 1262 1551 ao
1278 1489 1381 1576 fasti-

284 1587 339 1648 dio
362 1597 444 1648 erat
466 1589 644 1648 adsuctis
666 1589 796 1648 inventa
814 1586 993 1650 Neroniset
1109 1591 1381 1674 comparanti-

286 1687 362 1749 bus.
409 1687 470 1748 An.
498 1685 576 1750 XIV
597 1689 654 1760 39,
677 1689 696 1749 8
725 1687 789 1752 Sed
811 1688 984 1750 hostibus
1006 1691 1155 1752 inrisui
1171 1691 1268 1776 snit,
1293 1692 1380 1776 apud

283 1808 371 1871 qnos,
394 1808 459 1868 cqc.

356 1887 598 1951 Der-idicnlo
627 1889 752 1951 alicui
774 1911 854 1951 6666
880 1893 930 1951 esi
957 1891 1041 1970 apud
1060 1890 1221 1966 Plautum,
1251 1889 1318 1952 Mil.
1335 1892 1380 1954 92

285 1987 334 2050 ed.
363 1987 499 2052 Rusoni.
527 1987 659 2052 Tacitus
680 1989 757 2052 disis
783 1988 846 2081 ᾼη.
875 1987 924 2051 ΙΙΙ
954 1991 1011 2066 57,
1041 1993 1060 2054 9
1095 1996 1138 2054 At
1169 1991 1206 2072 Q.
1230 1992 1384 2054 Haterius

285 2112 378 2151 cum.
398 2137 404 2150 .
423 2137 454 2150 ..
480 2092 656 2165 cerrnninmt,
679 2089 901 2153 deridiculo
918 2091 1007 2177 fait
1028 2115 1119 2154 senae
1141 2112 1206 2175 eqS.

360 2191 545 2254 Fastidio
576 2191 703 2253 aticni
725 2213 815 2254 6666.
851 2189 920 2252 Η66
946 2191 1030 2253 dicto
1057 2193 1105 2254 nsi
1132 2197 1209 2255 sunt
1236 2191 1382 2255 Valerius

286 2288 371 2352 Max.
400 2289 519 2354 Seneca
547 2290 642 2354 Rhei.
671 2290 736 2354 elii.
779 2291 872 2373 Apud
901 2289 1049 2354 Tacitum
1075 2298 1208 2356 estune
1229 2314 1300 2355 cum
1326 2292 1381 2356 in·

285 2391 386 2454 risui
423 2413 599 2454 eorurexnm
637 2395 677 2454 H.
708 2391 723 2454 I
753 2393 784 2466 7,
825 2393 864 2454 17
902 2394 981 2476 Ipsa
1014 2406 1088 2456 atas
1124 2391 1232 2458 Gdta
1265 2396 1382 2456 inrisui

286 2492 521 2578 acfa'stidio
544 2505 628 2556 arat
652 2494 835 2555 adsuctis
857 2515 925 2576 eqo.

368 2593 495 2657 Tadio
529 2594 658 2657 atiani
690 2616 780 2656 6666.
817 2593 875 2656 nst
907 2595 990 2674 apssrl
1027 2594 1177 2658 Senecam
1205 2594 1300 2658 Rhet.
1355 2594 1384 2657 Α

288 2691 400 2756 Tacito
429 2697 492 2756 vnci
531 2695 700 2758 ludibrio
727 2695 934 2778 subiungitur
961 2694 1002 2760 H.
1032 2695 1079 2758 111
1110 2697 1166 2772 81,
1196 2697 1215 2758 5
1252 2693 1384 2780 161ρί6-

285 2797 391 2879 risqnc
413 2794 562 2870 ludibrio,
580 2796 773 2882 pinribns
795 2799 917 2860 tudio.

362 2897 532 2960 Invidia
561 2897 687 2960 aliani
713 2919 794 2959 6666
817 2896 938 2960 habent
964 2896 1070 2960 Cicero
1097 2897 1204 2959 Livius
1224 2897 1289 2960 alii.
1327 2897 1385 2960 Est

286 2993 328 3058 H.
357 2994 389 3057 II
418 2998 475 3070 95,
506 2997 526 3058 4
554 2999 681 3060 Latum
703 2997 894 3083 foedissimo
924 3000 1034 3082 cniqnc
1057 2999 1145 3081 apud
1168 2999 1385 3072 1666666666-

285 3097 359 3158 dia
375 3095 471 3181 snit,
495 3100 579 3181 qnod
602 3119 667 3179 cqc.

364 3195 461 3260 Odia
491 3197 616 3260 atiani
645 3220 725 3260 6666
759 3220 777 3259 6
813 3195 927 3260 Pluuio
954 3203 987 3260 et
1013 3196 1160 3260 Cicerone
1188 3197 1273 3261 hund
1302 3221 1383 3275 raro,

287 3297 329 3360 ab
369 3295 439 3359 uiiis
479 3298 686 3380 scriptoribus
726 3319 966 3379 nonnumquam
994 3303 1178 3380 usurpatur.
1236 3297 1384 3382 [regimus

287 3397 350 3460 An.
379 3396 440 3460 XV
468 3399 525 3472 21,
558 3399 601 3462 10
632 3399 783 3479 Quadam
812 3401 908 3462 immo
942 3399 1071 3461 virtutes
1099 3401 1195 3464 odio
1218 3412 1314 3475 sant,
1336 3421 1384 3462 66-

287 3500 403 3560 veritas
425 3499 592 3575 obstinata,
614 3501 750 3562 invictus
773 3500 939 3562 adver-snm
960 3501 1101 3584 qratiam
1124 3504 1259 3564 animus.

363 3596 493 3662 Tacitus
522 3602 643 3682 primus
670 3601 794 3664 ridetur
820 3600 938 3664 dixisse

363 3700 578 3784 Despectni
600 3700 729 3764 alicui
751 3723 841 3774 6666,
864 3701 947 3783 qnod
974 3706 1024 3764 est
1050 3699 1091 3764 H.
1116 3700 1160 3764 IV
1185 3701 1275 3774 57,7

226 3809 230 3814 “
287 3803 456 3865 obtestante
500 3802 617 3865 Vocula
648 3824 710 3864 non
738 3803 815 3864 adeo
839 3803 998 3864 turbatam
1028 3802 1172 3864 civilibus
1202 3804 1300 3865 armis
1321 3825 1386 3866 ram

289 3903 479 3977 Romanam,
499 3914 533 3965 nt
555 3903 738 3966 Treveris
756 3905 852 3965 etiam
869 3902 1204 3986 Linyonibnsqnc
1226 3905 1384 3988 despec-

290 4005 350 4065 tui
372 4005 433 4064 sit.

367 4101 442 4178 Quae
473 4103 556 4184 apud
591 4103 669 4166 ulios
695 4103 865 4183 scriptores
892 4103 1070 4166 invenimus
1098 4103 1195 4167 verba
1224 4104 1281 4176 his,
1316 4124 1386 4184 quse

291 4225 388 4286 supra
403 4203 510 4276 uituli,
526 4204 804 4287 significationum
819 4202 931 4266 habita
946 4205 1070 4266 ratione
1084 4205 1272 4274 consimilia,
1287 4225 1385 4286 quum

290 4305 356 4368 clia
382 4307 459 4370 suni
485 4310 555 4368 tum
578 4305 665 4368 haec:
697 4301 774 4367 ’esse
794 4304 889 4368 alicui
903 4305 1110 4384 contemptui,
1126 4305 1215 4380 risui,
1234 4303 1383 4368 ridiculo'.
