3214 5022
1187 538 1221 592 11

176 705 244 768 neri
273 703 308 765 in
335 703 437 768 altero
463 709 555 786 perte
585 703 733 781 dicemus,
762 725 861 788 quum
890 707 955 770 veri
983 709 1118 773 similius
1145 710 1188 773 sit
1215 731 1267 772 cos

174 827 230 890 pro
257 805 338 867 veris
365 805 481 868 dativis
513 804 673 880 finalibus,
710 828 772 870 uon
799 829 855 890 pro
888 807 1004 873 dativis
1038 811 1185 885 effectus,
1215 832 1267 874 aa·

173 906 331 992 cipieudos
358 928 434 971 esse.

249 1007 365 1072 Omnes
399 1007 455 1071 hos
482 1009 605 1072 dativos
632 1009 803 1072 secundum
830 1012 935 1076 varias
962 1033 1072 1076 esrum
1104 1013 1267 1096 significa-

172 1111 274 1173 tiones
302 1108 333 1170 in
362 1113 465 1174 certos
493 1109 608 1172 classes
634 1109 821 1174 distribuere
848 1112 961 1194 placet.
991 1133 1031 1176 ue
1059 1113 1163 1188 verba,
1191 1136 1261 1197 quae

176 1210 334 1274 artissime
366 1211 457 1282 inter
477 1231 510 1273 se
537 1209 725 1287 cohaercsnt,
754 1213 967 1296 seiungantur
993 1217 1024 1277 et
1051 1235 1112 1296 quo
1140 1213 1263 1278 facilius

172 1333 265 1374 usum
291 1309 454 1373 'faciteam
483 1331 718 1394 cognoscamus.

174 1543 200 1604 1.
247 1539 422 1608 notatim
454 1537 601 1609 eftectus
630 1541 801 1610 coniuncto
824 1557 897 1610 cum
920 1543 1021 1612 verto
1045 1543 1262 1614 substantivo.

250 1700 464 1783 Praeponimus
492 1701 624 1765 indicem
652 1723 762 1765 vocum
791 1702 999 1785 locorumque.

211 1873 251 1940 Δ.
299 1872 397 1936 Esse
431 1873 553 1936 alicui
584 1871 745 1946 solacio,
778 1867 892 1945 curse,
920 1872 1038 1949 cordi,
1077 1873 1222 1956 pudori,

492 1972 637 2070 rubori,
670 1972 937 2053 poeniteutiae.

247 2109 359 2174 Tacito
395 2131 466 2173 cum
501 2109 713 2192 superioribus
746 2107 951 2189 scriptoribus
979 2109 1158 2172 communie
1185 2113 1261 2172 sunt

177 2211 241 2274 haec
267 2210 365 2274 dicta:
394 2279 395 2282 Ἴ

250 2312 406 2377 Solacia
430 2312 555 2375 alieni
577 2333 665 2396 esse.
718 2309 785 2373 Hoc
818 2309 936 2372 dictum
974 2333 992 2373 a
1025 2310 1173 2374 Cicerone
1199 2309 1264 2374 Ose-

174 2434 245 2476 sere
281 2411 370 2475 Lirio
406 2413 475 2476 aliis
510 2416 700 2494 usurpatum
736 2409 924 2475 invenimus.
988 2411 1081 2494 Apud
1118 2410 1263 2474 Tacitum

175 2513 309 2596 legimus
336 2512 375 2576 D.
408 2514 464 2588 15,
497 2515 538 2575 13
572 2513 617 2576 Et
644 2515 727 2598 qnod
748 2512 990 2598 ,quibasdam
1019 2513 1167 2576 solacio
1195 2524 1264 2588 est,

173 2615 253 2678 midi
286 2626 376 2698 anpet
410 2617 616 2700 questionem,
647 2616 723 2699 qaia
749 2616 839 2678 video
861 2615 955 2694 etiam
980 2612 1091 2698 Graiis
1114 2615 1265 2676 accidisse

173 2737 238 2798 eqs.
273 2714 314 2777 H.
345 2714 391 2777 IV
420 2717 452 2789 3,
483 2715 502 2777 8
530 2715 692 2779 Solaoio
715 2715 803 2801 fnit
825 2735 1015 2781 semna...
1033 2714 1180 2798 patibulo
1204 2717 1263 2776 ad·
1336 2751 1338 2758 ·

166 2818 256 2905 fimas
277 2837 342 2898 eqo.

250 2918 355 2983 Care
377 2917 500 2981 alieni
522 2940 607 2982 esse.
655 2915 853 2999 Permittant¹
875 2915 941 2977 haec
967 2918 1044 2976 suut
1071 2914 1165 2978 verbs
1192 2914 1263 2978 iude

173 3041 192 3081 a
232 3018 346 3081 Plauto
383 3023 416 3081 et
454 3017 612 3090 Terentio,
651 3017 822 3100 saepissime
858 3040 876 3080 a
908 3014 1054 3078 Cicerone
1087 3023 1120 3077 et
1152 3013 1264 3079 Ouidio

171 3124 327 3202 usurpata
354 3139 455 3200 neque
483 3120 523 3182 sb
549 3119 619 3183 eliis
647 3119 823 3202 repudiata¹
877 3117 1018 3198 Persaepe
1053 3115 1174 3180 accedit
1208 3115 1263 3179 ad·

172 3219 330 3296 iectivum,
358 3219 440 3302 quod
461 3224 510 3282 est
523 3243 654 3304 mapsa,
676 3221 801 3294 maiori,
825 3229 917 3282 tanta
939 3218 1009 3281 sim.
1050 3215 1180 3279 Tacitus
1198 3216 1263 3291 haec

173 3322 316 3402 exempla
343 3320 471 3402 praebei.
510 3318 552 3383 H.
581 3319 606 3397 l,
636 3323 668 3394 3,
700 3321 740 3382 ll
772 3322 929 3383 nonenim
952 3341 1100 3404 nmquam
1124 3319 1259 3381 atrocio-

172 3423 261 3484 ribus
284 3422 402 3508 populi
430 3422 570 3485 Romani
597 3422 742 3485 cladibus
762 3471 768 3484 .
791 3469 798 3482 .
824 3469 860 3484 ..
889 3421 1098 3507 adprobatam
1130 3429 1174 3481 est
1201 3441 1263 3482 non

171 3545 252 3586 esse
275 3547 373 3586 carce
395 3523 479 3586 deis
502 3525 697 3586 securitatem
718 3535 868 3597 nostram,
893 3543 956 3584 esse
976 3521 1133 3584 altionem.
1161 3519 1259 3582 Ani

174 3623 233 3699 73,
255 3624 296 3686 17
318 3626 375 3686 Ins
397 3625 568 3686 inrandnm
585 3624 721 3709 perinde
742 3625 960 3686 estimandum
982 3643 1076 3707 qnam
1103 3622 1132 3684 si
1158 3621 1263 3683 lovem

164 3713 353 3811 fefellisset:
391 3726 519 3787 deornm
553 3726 691 3786 iniurias
726 3726 785 3786 dis
821 3746 925 3786 curm.
975 3721 1038 3785 An.
1067 3720 1123 3797 Vl,
1154 3723 1210 3795 22,
1241 3722 1260 3783 6

175 3825 301 3910 Quippe
334 3827 582 3911 sapientissimos
614 3836 774 3888 veteram.
793 3873 800 3887 .
820 3873 827 3887 .
848 3826 1017 3886 ‚diversos
1044 3824 1193 3908 reperias,
1227 3843 1264 3885 ao
1322 3861 1325 3867 ,

172 3925 281 3988 maltis
303 3928 431 3990 insitam
454 3927 632 4011 opinionem
654 3947 715 3990 non
738 3927 833 3988 initio
854 3926 964 3999 nostri,
987 3946 1048 3987 non
1064 3924 1178 4011 finem,
1201 3945 1263 3986 non

176 4028 308 4112 deniqne
336 4027 473 4091 domines
503 4028 565 4089 dis
593 4049 709 4100 caran·
730 4031 795 4108 cq'S.
849 4025 913 4088 Au.
942 4023 1004 4087 XlI
1032 4024 1089 4098 48,
1120 4025 1139 4085 3
1165 4047 1263 4108 pan·

171 4130 231 4190 eis
253 4129 347 4190 decas
363 4127 529 4213 publicam
553 4150 662 4202 curce,
681 4127 791 4212 plnres
814 4137 880 4189 tata
903 4128 1068 4189 disserant.

244 4229 363 4292 Cordi
392 4228 515 4292 alieni
546 4249 633 4295 esse.
677 4221 749 4291 Hoc·
771 4225 892 4290 dicendi
919 4247 1021 4311 genus
1053 4225 1205 4308 proximo,
1234 4225 1261 4288 si

172 4329 436 4412 significationem
468 4331 663 4412 respicimus,
698 4327 895 4392 simillimum
927 4351 946 4392 a
973 4327 1086 4390 Plauto
1113 4324 1261 4390 Terentio
