3214 5022
1184 445 1224 500 23

246 611 389 677 Primum
416 613 733 678 animadvertendum
759 617 809 676 est
835 612 931 676 verba
958 611 1024 684 illa,
1052 633 1123 695 quae
1141 615 1175 678 in
1200 637 1269 680 cm-

173 714 266 778 nibus
293 714 358 778 fere
386 713 436 778 his
463 714 673 778 locutionibus
699 714 823 791 insunt,
851 713 919 776 dim
937 713 1137 778 darcbaberc
1150 739 1269 782 crcmcrc

170 839 339 890 assumere,
365 837 436 880 eam
462 801 580 879 habere
607 816 682 884 vim,
710 819 748 878 ut
774 813 957 898 significent
983 813 1065 877 idem
1093 815 1175 898 quod
1200 815 1267 901 'pu-

169 919 242 981 tare
271 915 319 978 vel
352 914 453 979 dicere
478 912 554 979 esse'
582 915 717 993 (honori,
745 915 871 980 crimini
898 919 983 1001 cet),
1011 916 1060 979 cui
1088 917 1206 984 rationi
1233 920 1267 982 in

170 1015 231 1080 hac
257 1038 291 1079 re
316 1015 504 1099 explicanda
539 1017 713 1080 maximum
749 1022 947 1081 momentum
973 1015 1179 1080 tribuendum
1205 1023 1266 1083 est.

169 1115 239 1180 Hoc
273 1118 356 1181 enim
391 1117 632 1182 necessitudinis
667 1117 794 1181 vinculo
820 1139 891 1180 cum
918 1118 967 1194 iis,
995 1117 1033 1179 de
1060 1117 1175 1200 quibus
1202 1121 1267 1184 iam

167 1217 317 1294 diximus,
358 1217 569 1295 locutionibus
608 1217 674 1282 baec
713 1219 928 1282 eontinentur.
981 1217 1064 1282 Sunt
1097 1240 1170 1282 vero
1205 1221 1267 1284 duo

169 1319 265 1393 dicta,
298 1317 336 1382 de
361 1319 477 1401 quibus
508 1339 610 1401 pauca
636 1318 733 1384 verba
759 1318 907 1384 iacienda
933 1322 1019 1384 sunt.
1073 1318 1157 1384 Illud
1183 1324 1268 1386 cicuc‘

163 1420 286 1506 populo
314 1421 452 1506 praeberi
479 1419 663 1484 dubitantes
700 1419 913 1502 ascripsimus.
967 1418 1128 1482 Videntur
1154 1424 1265 1486 tamen

169 1520 264 1584 verba
291 1517 437 1602 'praebere
470 1519 608 1604 aliquem
634 1520 749 1604 populo
774 1518 866 1584 visui'
893 1521 975 1585 idem
1002 1541 1070 1584 esse
1096 1521 1179 1603 quod
1207 1515 1265 1586 'ef-

168 1621 260 1684 ficere
285 1626 321 1683 ut
347 1621 418 1701 quis
445 1621 489 1684 sit
517 1644 548 1704 p.
576 1619 616 1684 ν’.
669 1620 817 1684 Alterum
844 1621 1120 1686 dictumestillud
1136 1625 1264 1688 indutui

165 1723 301 1808 parebat,
330 1721 412 1803 quod
441 1721 577 1786 fortasse
602 1722 662 1786 hoc
687 1721 779 1785 modo
804 1723 1027 1804 explicandum
1054 1727 1117 1786 est:
1159 1720 1265 1806 'quam

169 1823 314 1908 (vestem)
341 1822 468 1886 indutui
491 1819 594 1888 οὖσαν
620 1820 773 1906 gerebat'.
826 1823 933 1906 Atque
960 1845 1069 1886 omnes
1097 1822 1153 1886 bos
1182 1825 1263 1889 locos

169 1923 369 2004 respicientes
396 1929 590 1990 annotamus
613 1945 773 2006 nusquam
787 1923 896 1988 dativo
911 1924 1044 2008 adiungi
1057 1923 1261 2002 adiectivum,

169 2045 325 2106 nusquam
351 2045 468 2088 nomen
498 2025 633 2110 genitivi
665 2045 758 2088 casus
786 2024 834 2087 vei
860 2026 1126 2108 praepositionem,
1154 2028 1263 2090 omnia

167 2125 305 2199 nomina,
343 2147 412 2208 quae
438 2126 472 2188 in
498 2125 557 2190 hcc
582 2124 684 2190 dativi
715 2145 775 2188 usu
801 2127 878 2202 sint,
907 2127 1082 2202 abstracta,
1110 2148 1182 2210 quae
1209 2148 1262 2192 vc-

165 2229 291 2302 ccntur,
329 2247 406 2290 esse.
445 2227 552 2290 omnia
588 2225 761 2310 singularis
794 2227 927 2290 numeri.
981 2225 1111 2290 Tacitus
1139 2229 1261 2310 primus

166 2325 289 2389 videtur
315 2328 349 2390 in
375 2326 425 2390 his
453 2326 663 2392 locutionibus
690 2327 872 2391 adhibuisse
900 2329 996 2392 verba
1022 2349 1151 2404 sumere,
1173 2353 1262 2392 uscir-

167 2450 253 2490 mere.

237 2527 398 2610 Sequitur,
431 2531 469 2591 ut
503 2528 541 2592 de
568 2529 606 2590 iia
641 2525 854 2592 locutionibus
881 2524 1084 2601 disseramus,
1114 2528 1152 2592 ad
1180 2551 1260 2613 quas

163 2627 291 2712 signum
317 2629 536 2713 interrogandi
564 2628 781 2710 apposuimus.
823 2625 906 2688 Illud
925 2627 1012 2690 douov
1030 2629 1107 2692 dure
1121 2629 1181 2694 buc
1195 2651 1260 2694 uon

162 2729 258 2792 retuli
289 2732 355 2792 tres
381 2729 421 2793 ob
447 2751 571 2806 causae,
598 2727 682 2811 quod
709 2748 773 2789 non
801 2727 918 2790 dicitur
945 2722 1035 2789 'dono
1062 2727 1148 2804 esse',
1176 2731 1260 2814 quod

163 2831 293 2892 verbum
320 2831 397 2894 dare
422 2829 473 2894 hic
500 2851 565 2893 non
590 2850 661 2892 eam
687 2827 787 2892 habet
814 2826 888 2903 vim,
916 2825 954 2890 de
980 2848 1044 2910 qua
1064 2850 1162 2914 supra
1176 2831 1259 2895 dixi-

162 2951 243 3002 mus,
271 2931 352 3013 quod
379 2951 494 2995 nomen
520 2933 638 2996 donum
664 2950 728 2992 non
756 2949 813 3011 pro
840 2927 1002 2992 abstracto
1018 2928 1127 2995 baberi
1140 2935 1257 3014 potest.

161 3029 281 3094 Contra
318 3053 366 3108 ea,
394 3032 421 3096 si
449 3033 543 3096 verba
576 3031 736 3117 plerisque
767 3031 885 3115 praedoe
913 3031 1000 3106 duta,
1023 3031 1146 3098 obsidio
1169 3035 1260 3098 uobis

161 3132 280 3208 ductim,
307 3134 441 3217 piyuorc'
471 3135 606 3219 acceptis
638 3131 832 3214 respicimus,
869 3129 1103 3196 observandum
1141 3138 1190 3198 est
1227 3139 1259 3198 et

90 3299 93 3306 ,
161 3230 221 3296 dici
242 3235 362 3317 praedoe
384 3256 456 3308 esee,
474 3235 605 3320 pipuerc'
628 3254 691 3296 ecee
712 3234 744 3294 et
762 3231 836 3294 baec
862 3232 1003 3306 nucina,
1032 3232 1100 3297 dico
1112 3237 1259 3320 pradum

161 3332 194 3412 (i.
210 3355 241 3416 q.
270 3332 402 3410 lucrum,
442 3337 612 3418 quantum)
653 3333 811 3397 obsidium
836 3334 967 3417 pipicus,
1001 3354 1058 3415 pro
1084 3335 1257 3400 abstractis

160 3433 341 3516 accipienda
378 3455 446 3499 csse
472 3435 521 3498 vel
548 3455 640 3518 posse
666 3433 767 3514 accipi
792 3436 825 3496 ct
850 3431 988 3498 fortasse
1022 3434 1152 3498 verbum
1179 3436 1259 3500 dure

159 3533 193 3596 in
232 3533 282 3598 his
317 3533 411 3600 dictis
448 3535 531 3600 idem
570 3555 638 3598 esse
672 3534 756 3617 quod
795 3530 971 3598 ’concedere
1002 3539 1039 3598 ut
1067 3535 1188 3620 aliquid
1214 3538 1257 3602 sit

158 3635 279 3716 predae,
307 3635 447 3712 obsidio’,
475 3637 606 3700 verbum
634 3637 739 3721 accipi
764 3638 871 3700 autem
899 3656 1025 3701 summa
1047 3637 1257 3721 significatio-

158 3735 208 3798 nis
232 3735 393 3802 affinitate
418 3759 490 3802 cum
518 3737 613 3802 verbe
640 3735 737 3802 dandi
764 3735 929 3811 cohaerere.

234 3834 272 3898 ln
300 3838 400 3902 verbis
421 3839 552 3926 foenori
582 3840 659 3902 dare
694 3842 775 3917 (An.
804 3835 851 3902 VI
882 3837 937 3913 13,
967 3837 1003 3923 6)
1031 3839 1137 3922 potius
1164 3839 1256 3906 abla-

156 3935 243 4000 tivus
271 3937 474 4026 (locativus?)
506 3939 610 4004 inesse
636 3937 809 4022 putandus¹
825 3940 875 4000 est
900 3959 997 4020 quam
1025 3939 1163 4016 dativus,
1191 3941 1256 4006 col-

157 4036 232 4100 latis
261 4038 471 4104 locutionibus
499 4042 576 4104 darc
597 4040 730 4128 foenore
753 4038 901 4124 (Picent),
924 4042 1066 4126 accepere
1085 4044 1255 4126 pecuniam

149 4137 264 4224 fenore
287 4138 363 4220 (Cic.
399 4140 493 4226 Iria),
521 4139 592 4204 sim.
633 4139 779 4224 Apparet
805 4141 839 4204 in
866 4139 950 4205 dicto
976 4146 1040 4204 An.
1070 4139 1116 4206 VI
1147 4143 1202 4219 19,
1232 4146 1253 4208 3

156 4261 194 4302 ac
216 4262 253 4302 ue
275 4242 406 4306 dubium
429 4242 853 4326 babereturmapuitudiucm
865 4244 1010 4328 pecunia
1021 4242 1253 4320 malocertc'eec,
