3214 5022
363 495 403 550 40

320 667 570 729 accendendis
592 663 882 751 offensionibus
904 661 1016 726 collidi.
1061 662 1123 726 An.
1148 660 1197 726 ΙΙΙ
1223 663 1278 736 10,
1311 663 1329 728 8
1359 667 1413 728 Ti-

319 767 433 828 berium
455 767 678 851 spernendis
695 765 910 827 rnmoriisns
922 762 1056 824 calidum
1068 784 1132 846 eqs.
1174 764 1234 828 An.
1251 763 1300 828 ΙΙΙ
1316 766 1373 838 60,
1391 765 1409 830 7

319 889 371 930 nec
392 866 487 930 niinm
508 869 582 928 satis
604 866 739 928 calidum
761 865 923 950 imperinm
945 875 1009 926 eret
1031 867 1251 928 coercendis
1279 867 1412 930 sediti·

319 969 450 1032 onibus
468 967 585 1053 populi.
620 966 682 1030 An.
710 963 758 1029 IV
786 966 843 1040 37,
873 964 894 1026 4
923 965 1166 1050 oelidnsoiioqni
1187 969 1414 1052 spernendis

320 1069 537 1132 honoribus.
582 1066 645 1131 An.
673 1065 720 1130 VI
749 1067 805 1142 24,
837 1066 881 1129 18
909 1065 1052 1128 cciiidnm
1079 1065 1151 1129 oiim
1183 1079 1209 1131 et
1241 1069 1414 1153 dependis

320 1169 526 1233 sceleribus
549 1169 717 1232 obscurum.
762 1167 824 1234 An.
853 1164 899 1230 VI
928 1166 985 1242 51,
1013 1165 1056 1230 13
1084 1167 1228 1231 occidinm
1250 1191 1285 1230 ee
1307 1169 1414 1231 subdo-

320 1271 382 1333 leem
415 1269 616 1353 finpendis
651 1269 866 1332 sirensibus.
919 1265 982 1330 An.
1019 1265 1066 1330 XI
1102 1269 1134 1344 9,
1181 1269 1224 1332 13
1257 1272 1416 1356 potiorque

328 1371 490 1434 Vardanns
525 1371 607 1432 oisns
650 1369 849 1432 retinendo
889 1391 1014 1450 repno.
1075 1373 1136 1434 An.
1177 1367 1254 1434 XIV
1294 1370 1351 1444 59,
1394 1371 1414 1434 9

321 1483 456 1558 reposans
478 1484 519 1536 esi
541 1482 616 1534 cerie
633 1492 692 1556 per
714 1471 846 1534 medinm
869 1469 930 1532 diei
952 1471 1051 1532 nndns
1073 1472 1315 1535 coercitondo
1337 1495 1417 1534 cor-

319 1596 414 1658 pore.
521 1613 522 1616 =

325 1785 352 1848 3.
398 1783 441 1854 ns
464 1783 526 1895 isos
555 1781 675 1872 dativo
695 1781 768 1854 cum
798 1781 979 1854 nominihus
1011 1782 1157 1868 proxime
1184 1781 1419 1870 ooniuoosndo.

399 1923 608 1989 Notissimum
643 1929 692 1989 ssi
719 1946 759 1988 ne
784 1924 919 2008 optimos
955 1925 1080 2009 quidem
1109 1924 1278 2008 scriptores
1306 1945 1419 1997 aureae,

323 2047 393 2110 quae
418 2025 544 2104 dieitur,
572 2027 689 2103 estatis,
717 2025 757 2090 ab
786 2025 844 2089 hoc
869 2047 930 2090 usu
956 2026 1137 2102 abhorrere,
1158 2025 1304 2109 quamvis
1329 2047 1421 2090 rarus

324 2127 407 2211 apud
426 2147 478 2190 sos
491 2128 620 2190 omnino
632 2128 674 2190 sii
687 2131 720 2190 st
735 2127 940 2212 perangusiis
954 2126 1071 2191 finibus
1085 2127 1288 2190 terminatus
1317 2125 1420 2203 Quum

324 2227 401 2292 dicii
427 2226 490 2292 Gis.
520 2226 592 2292 Div.
621 2227 637 2290 I
668 2227 723 2304 17,
754 2229 799 2294 33
826 2230 983 2292 comitio
1007 2228 1176 2291 consilibus
1198 2230 1344 2314 rependis
1365 2229 1422 2292 lsa-

327 2329 390 2393 lrnii
413 2329 460 2392 vel
488 2327 563 2413 leeg.
593 2349 661 2412 agr.
689 2325 722 2391 Π
751 2329 783 2406 8,
814 2329 858 2392 20
872 2329 1049 2393 Inlreienim
1071 2331 1225 2392 eorreiiio
1247 2331 1423 2392 decessionis

325 2430 433 2494 hebere
462 2432 604 2494 creandis
633 2452 712 2502 enm,
744 2431 798 2514 qni
826 2431 1048 2514 imminerit,
1072 2449 1134 2492 non
1163 2451 1331 2512 possumus
1359 2451 1421 2492 non

327 2533 441 2616 putare
467 2530 590 2594 dativos
617 2530 687 2594 illos
707 2530 871 2594 nominum
886 2530 1195 2614 gerundivorumqus
1209 2551 1280 2594 cum
1294 2531 1423 2594 nomine

328 2634 518 2696 cornitiornm
530 2631 672 2716 proxime
684 2629 913 2696 connectendas
925 2653 1004 2696 esse.
1033 2629 1153 2696 Deinde
1163 2631 1334 2696 afferendis
1347 2635 1425 2696 suni

330 2731 502 2798 locutiones
530 2733 592 2798 illae
619 2733 791 2798 notissimis
816 2735 1020 2798 decemviri
1041 2733 1156 2819 iepiins
1168 2734 1344 2810 scribonis,
1359 2733 1424 2798 sdi-

329 2837 408 2900 tibns
430 2837 613 2912 indicendis,
636 2837 938 2922 quindecimviri
959 2838 1055 2900 saeris
1070 2836 1244 2924 faciundis,
1265 2847 1425 2900 curator

329 2939 425 3000 siseris
447 2939 625 3024 reficiendis,
647 2938 843 3002 triumviri
864 2960 938 3022 apro
959 2938 1060 3000 dersdo
1083 2934 1153 3000 sim}
1206 2934 1356 3002 Eiusdem
1369 2955 1425 3022 ge·

329 3037 414 3102 neris
443 3037 590 3102 videniur
615 3059 683 3102 esse
711 3037 774 3102 haec
787 3037 889 3102 dicta:
916 3062 1010 3124 qnnm
1032 3039 1114 3102 dies
1136 3039 1260 3102 venisset
1276 3040 1426 3124 ropoeioni

328 3139 462 3218 ferrndoe
494 3139 599 3228 (cic),
636 3141 682 3202 leis
705 3141 874 3204 averimdis
896 3139 1060 3204 terroribus
1083 3141 1115 3202 in
1142 3141 1280 3203 iridnnrn
1305 3142 1426 3229 ferio

331 3243 450 3305 indictos
477 3239 588 3328 (Lim),
619 3251 650 3304 ni
677 3240 903 3326 snpplicatio
933 3243 1085 3328 prodipiis
1113 3243 1275 3328 capiendis
1302 3242 1427 3327 fieret

331 3341 439 3431 (Isin),
481 3342 597 3428 iepem
625 3345 730 3406 censui
765 3343 908 3406 censendo
941 3344 1073 3407 dicinros
1105 3365 1167 3410 esse
1198 3341 1306 3426 (Lis),
1335 3343 1427 3408 Pisiio

332 3444 440 3508 Romoe
462 3445 526 3508 insi
546 3445 677 3508 dicundo
701 3443 817 3506 urbane
839 3467 923 3507 sors
945 3490 971 3508 ..
988 3491 1015 3508 ..
1033 3445 1126 3508 nmis
1154 3436 1302 3532 (Isis.)¹).
1346 3442 1427 3508 Ani-

333 3543 595 3610 madvertendum
622 3548 670 3607 esi
696 3544 803 3608 omnis
830 3543 895 3610 haee
920 3544 1005 3610 dicia
1032 3543 1072 3610 ad
1098 3565 1165 3608 rem
1192 3544 1352 3630 publicam
1370 3543 1427 3609 sd·

333 3645 578 3711 minisirsndam
606 3651 762 3730 spectare.

408 3745 478 3810 Iam
514 3746 554 3810 sd
589 3747 670 3811 locos
706 3745 851 3812 Tsciieos
886 3747 1066 3812 offerendos
1106 3745 1261 3824 venimus¹
1298 3747 1331 3810 in
1365 3768 1428 3832 quo

333 3851 460 3913 aetsiem
486 3845 639 3912 librorum
665 3869 842 3932 sequemur.
895 3847 978 3913 Sunt
1003 3848 1072 3924 loci,
1088 3847 1126 3911 de
1152 3847 1267 3930 quibus
1286 3847 1425 3912 dubitari

333 3950 444 4033 possit,
472 3952 580 4014 uirum
607 3949 707 4014 dativi
733 3971 750 4012 s
778 3949 879 4013 verbis
894 3950 999 4034 potius
1027 3948 1073 4012 vei
1100 3971 1117 4011 e
1140 3947 1428 4014 eotisenuntiatio-

335 4051 429 4114 nibus
455 4073 497 4114 an
523 4070 540 4113 e
566 4050 746 4114 nominibus
780 4049 914 4133 pendere
952 4049 1156 4115 existimandi
1190 4051 1267 4124 sint,
1297 4057 1331 4113 ut
1359 4050 1423 4114 An.

292 4177 293 4180 ¹
335 4149 352 4214 I
380 4151 437 4214 62.
490 4150 576 4227 Quod
604 4152 710 4235 aptius
738 4151 903 4216 videbatur
929 4159 1055 4216 secutus
1081 4171 1163 4213 sum.

388 4332 411 4397 ¹)
430 4335 506 4386 Oont
524 4337 653 4399 Deneget,
672 4335 743 4385 Hist.
762 4335 863 4398 Synssx
881 4335 908 4384 11
926 4336 982 4396 804,
1001 4335 1057 4383 808.
